emp_id,age,education_level,num_parent,num_child,num_sibling,num_spouse,job_level,department_name,total_working_year,total_working_year_z_manager,total_working_year_z_position,total_working_year_z_job_level,total_working_year_z_department,num_employee_under_manager,year_with_current_manager,num_past_manager,num_employee_under_position,num_employee_under_job_level,num_employee_under_department,salary_z_manager,salary_z_position,salary_z_job_level,percentage_salary_increase_since_hire,year_since_last_salary_adjustment,salary_compare_market_rate,year_in_current_position,num_past_promotion,time_since_last_promotion,avg_time_to_promotion,num_training,num_activity,num_skills,avg_skills_score,num_skill_gap,skill_score_vs_avg_position_score,skill_score_vs_median_position_score,avg_performance_score,performance_score_z_manager,performance_score_z_position,performance_score_z_job_level,performance_score_z_department,total_ot_hours_3_months,total_sick_leave_hours_6_months,total_vacation_leave_hours_6_months,distance_from_home_to_office,execution_date,termination_value
990001,33,2,2,0,0,1,2,Business Development,0.1178082191780822,0.0,0.0,0.0,0.0,1,0.1178082191780822,1,1,2,1,0.0,0.0,-0.7071067811865476,0.0,0.1178082191780822,1.0113,0.1178082191780822,0.0,0.1178082191780822,0.1178082191780822,0.0,0.0,18,3.2777777777777777,0,1.0,1.0,0.0,0.0,0.0,0.0,0.0,0.0,0.0,0.0,0.0,2020-06-30,0.0
990002,33,2,1,0,4,0,2,Data Scientist,0.1178082191780822,0.0,0.0,0.0,0.0,1,0.1178082191780822,1,1,2,1,0.0,0.0,0.7071067811865476,0.0,0.1178082191780822,1.0028,0.1178082191780822,0.0,0.1178082191780822,0.1178082191780822,0.0,0.0,19,3.1052631578947367,1,1.0,1.0,0.0,0.0,0.0,0.0,0.0,0.0,0.0,0.0,8.016643112499974,2020-06-30,0.0
990001,33,2,2,0,0,1,2,Business Development,0.20273972602739726,0.0,0.0,0.0,0.0,1,0.20273972602739726,1,1,2,1,0.0,0.0,-0.7071067811865476,0.0,0.20273972602739726,1.0113,0.20273972602739726,0.0,0.20273972602739726,0.20273972602739726,0.0,0.0,18,3.2777777777777777,0,1.0,1.0,0.0,0.0,0.0,0.0,0.0,0.0,0.0,0.0,0.0,2020-07-31,0.0
990002,33,2,1,0,4,0,2,Data Scientist,0.20273972602739726,0.0,0.0,0.0,0.0,1,0.20273972602739726,1,1,2,1,0.0,0.0,0.7071067811865476,0.0,0.20273972602739726,1.0028,0.20273972602739726,0.0,0.20273972602739726,0.20273972602739726,0.0,0.0,19,3.1052631578947367,1,1.0,1.0,0.0,0.0,0.0,0.0,0.0,0.0,0.0,0.0,8.016643112499974,2020-07-31,0.0
990001,33,2,2,0,0,1,2,Business Development,0.2876712328767123,0.0,0.0,0.0,0.0,1,0.2876712328767123,1,1,2,1,0.0,0.0,-0.7071067811865476,0.0,0.2876712328767123,1.0113,0.2876712328767123,0.0,0.2876712328767123,0.2876712328767123,0.0,0.0,18,3.2777777777777777,0,1.0,1.0,0.0,0.0,0.0,0.0,0.0,0.0,0.0,0.0,0.0,2020-08-31,0.0
990002,33,2,1,0,4,0,2,Data Scientist,0.2876712328767123,0.0,0.0,0.0,0.0,1,0.2876712328767123,1,1,2,1,0.0,0.0,0.7071067811865476,0.0,0.2876712328767123,1.0028,0.2876712328767123,0.0,0.2876712328767123,0.2876712328767123,0.0,0.0,19,3.1052631578947367,1,1.0,1.0,0.0,0.0,0.0,0.0,0.0,0.0,0.0,0.0,8.016643112499974,2020-08-31,0.0
990001,33,2,2,0,0,1,2,Business Development,0.3698630136986301,0.0,0.0,0.0,0.0,1,0.3698630136986301,1,1,2,1,0.0,0.0,-0.7071067811865476,0.0,0.3698630136986301,1.0113,0.3698630136986301,0.0,0.3698630136986301,0.3698630136986301,0.0,0.0,18,3.2777777777777777,0,1.0,1.0,0.0,0.0,0.0,0.0,0.0,0.0,0.0,0.0,0.0,2020-09-30,0.0
990002,33,2,1,0,4,0,2,Data Scientist,0.3698630136986301,0.0,0.0,0.0,0.0,1,0.3698630136986301,1,1,2,1,0.0,0.0,0.7071067811865476,0.0,0.3698630136986301,1.0028,0.3698630136986301,0.0,0.3698630136986301,0.3698630136986301,0.0,0.0,19,3.1052631578947367,1,1.0,1.0,0.0,0.0,0.0,0.0,0.0,0.0,0.0,0.0,8.016643112499974,2020-09-30,0.0
990001,33,2,2,0,0,1,2,Business Development,0.4547945205479452,0.0,0.0,0.0,0.0,1,0.4547945205479452,1,1,2,1,0.0,0.0,-0.7071067811865476,0.0,0.4547945205479452,1.0113,0.4547945205479452,0.0,0.4547945205479452,0.4547945205479452,0.0,0.0,18,3.2777777777777777,0,1.0,1.0,0.0,0.0,0.0,0.0,0.0,0.0,0.0,0.0,0.0,2020-10-31,0.0
990002,33,2,1,0,4,0,2,Data Scientist,0.4547945205479452,0.0,0.0,0.0,0.0,1,0.4547945205479452,1,1,2,1,0.0,0.0,0.7071067811865476,0.0,0.4547945205479452,1.0028,0.4547945205479452,0.0,0.4547945205479452,0.4547945205479452,0.0,0.0,19,3.1052631578947367,1,1.0,1.0,0.0,0.0,0.0,0.0,0.0,0.0,0.0,0.0,8.016643112499974,2020-10-31,0.0
990001,33,2,2,0,0,1,2,Business Development,0.536986301369863,0.0,0.0,0.0,0.0,1,0.536986301369863,1,1,2,1,0.0,0.0,-0.7071067811865476,0.0,0.536986301369863,1.0113,0.536986301369863,0.0,0.536986301369863,0.536986301369863,0.0,0.0,18,3.2777777777777777,0,1.0,1.0,0.0,0.0,0.0,0.0,0.0,0.0,7.0,0.0,0.0,2020-11-30,0.0
990002,33,2,1,0,4,0,2,Data Scientist,0.536986301369863,0.0,0.0,0.0,0.0,1,0.536986301369863,1,1,2,1,0.0,0.0,0.7071067811865476,0.0,0.536986301369863,1.0028,0.536986301369863,0.0,0.536986301369863,0.536986301369863,0.0,0.0,19,3.1052631578947367,1,1.0,1.0,0.0,0.0,0.0,0.0,0.0,2.0,0.0,0.0,8.016643112499974,2020-11-30,0.0
990001,33,2,2,0,0,1,2,Business Development,0.6219178082191781,0.0,0.0,0.0,0.0,1,0.6219178082191781,1,1,2,1,0.0,0.0,-0.7071067811865476,0.0,0.6219178082191781,1.0113,0.6219178082191781,0.0,0.6219178082191781,0.6219178082191781,0.0,0.0,18,3.2777777777777777,0,1.0,1.0,4.0,0.0,0.0,0.7071067811865444,0.0,0.0,7.0,0.0,0.0,2020-12-31,0.0
990002,33,2,1,0,4,0,2,Data Scientist,0.6219178082191781,0.0,0.0,0.0,0.0,1,0.6219178082191781,1,1,2,1,0.0,0.0,0.7071067811865476,0.0,0.6219178082191781,1.0028,0.6219178082191781,0.0,0.6219178082191781,0.6219178082191781,0.0,0.0,19,3.1052631578947367,1,1.0,1.0,3.9,0.0,0.0,-0.7071067811865506,0.0,2.0,0.0,0.0,8.016643112499974,2020-12-31,0.0
990001,34,2,2,0,0,1,2,Business Development,0.7068493150684931,0.0,0.0,0.0,0.0,1,0.7068493150684931,1,1,2,1,0.0,0.0,-0.7071067811865476,0.0,0.7068493150684931,1.0113,0.7068493150684931,0.0,0.7068493150684931,0.7068493150684931,0.0,0.0,18,3.2777777777777777,0,1.0,1.0,4.0,0.0,0.0,0.7071067811865444,0.0,4.0,14.0,0.0,0.0,2021-01-31,0.0
990002,34,2,1,0,4,0,2,Data Scientist,0.7068493150684931,0.0,0.0,0.0,0.0,1,0.7068493150684931,1,1,2,1,0.0,0.0,0.7071067811865476,0.0,0.7068493150684931,1.0028,0.7068493150684931,0.0,0.7068493150684931,0.7068493150684931,0.0,0.0,19,3.1052631578947367,1,1.0,1.0,3.9,0.0,0.0,-0.7071067811865506,0.0,2.0,0.0,0.0,8.016643112499974,2021-01-31,0.0
990001,34,2,2,0,0,1,2,Business Development,0.7835616438356164,0.7071067811865476,0.0,0.0,0.0,2,0.7835616438356164,1,1,2,1,0.7071067811865479,0.0,-0.7071067811865476,0.0,0.7835616438356164,1.0113,0.7835616438356164,0.0,0.7835616438356164,0.7835616438356164,0.0,0.0,18,3.2777777777777777,0,1.0,1.0,4.0,0.7071067811865475,0.0,0.7071067811865444,0.0,4.0,14.0,0.0,0.0,2021-02-28,0.0
990002,34,2,1,0,4,0,2,Data Scientist,0.7835616438356164,0.0,0.0,0.0,0.7071067811865476,1,0.7835616438356164,1,1,2,2,0.0,0.0,0.7071067811865476,0.0,0.7835616438356164,1.0028,0.7835616438356164,0.0,0.7835616438356164,0.7835616438356164,0.0,0.0,19,3.1052631578947367,1,1.0,1.0,3.9,0.0,0.0,-0.7071067811865506,0.7071067811865476,1.0,0.0,0.0,8.016643112499974,2021-02-28,0.0
990003,28,2,2,0,1,1,1,Data Scientist,0.00821917808219178,-0.7071067811865475,0.0,0.0,-0.7071067811865475,2,0.00821917808219178,1,1,1,2,-0.7071067811865472,0.0,0.0,0.0,0.00821917808219178,1.0134,0.00821917808219178,0.0,0.00821917808219178,0.00821917808219178,0.0,0.0,20,3.05,0,1.0,1.0,0.0,-0.7071067811865475,0.0,0.0,-0.7071067811865476,0.0,0.0,0.0,585.5181984900419,2021-02-28,0.0
990001,34,2,2,0,0,1,2,Business Development,0.8684931506849315,0.7071067811865476,0.0,0.0,0.0,2,0.8684931506849315,1,1,2,1,0.7071067811865479,0.0,-0.7071067811865476,0.0,0.8684931506849315,1.0113,0.8684931506849315,0.0,0.8684931506849315,0.8684931506849315,0.0,0.0,18,3.2777777777777777,0,1.0,1.0,4.0,0.7071067811865475,0.0,0.7071067811865444,0.0,4.0,14.0,0.0,0.0,2021-03-31,0.0
990002,34,2,1,0,4,0,2,Data Scientist,0.8684931506849315,0.0,0.0,0.0,0.7071067811865476,1,0.8684931506849315,1,1,2,2,0.0,0.0,0.7071067811865476,0.0,0.8684931506849315,1.0028,0.8684931506849315,0.0,0.8684931506849315,0.8684931506849315,0.0,0.0,19,3.1052631578947367,1,1.0,1.0,3.9,0.0,0.0,-0.7071067811865506,0.7071067811865476,5.0,0.0,0.0,8.016643112499974,2021-03-31,0.0
990003,28,2,2,0,1,1,1,Data Scientist,0.09315068493150686,-0.7071067811865475,0.0,0.0,-0.7071067811865475,2,0.09315068493150686,1,1,1,2,-0.7071067811865472,0.0,0.0,0.0,0.09315068493150686,1.0134,0.09315068493150686,0.0,0.09315068493150686,0.09315068493150686,0.0,0.0,20,3.05,0,1.0,1.0,0.0,-0.7071067811865475,0.0,0.0,-0.7071067811865476,0.0,0.0,0.0,585.5181984900419,2021-03-31,0.0
990001,34,2,2,0,0,1,2,Business Development,0.9506849315068493,0.7071067811865476,0.0,0.0,0.0,2,0.9506849315068493,1,1,2,1,0.7071067811865479,0.0,-0.7071067811865476,0.0,0.9506849315068493,1.0113,0.9506849315068493,0.0,0.9506849315068493,0.9506849315068493,0.0,0.0,18,3.2777777777777777,0,1.0,1.0,4.0,0.7071067811865475,0.0,0.7071067811865444,0.0,0.0,14.0,0.0,0.0,2021-04-30,0.0
990002,34,2,1,0,4,0,2,Data Scientist,0.9506849315068493,0.0,0.0,0.0,0.7071067811865476,1,0.9506849315068493,1,1,2,2,0.0,0.0,0.7071067811865476,0.0,0.9506849315068493,1.0028,0.9506849315068493,0.0,0.9506849315068493,0.9506849315068493,0.0,0.0,19,3.1052631578947367,1,1.0,1.0,3.9,0.0,0.0,-0.7071067811865506,0.7071067811865476,5.0,0.0,0.0,8.016643112499974,2021-04-30,0.0
990003,28,2,2,0,1,1,1,Data Scientist,0.17534246575342466,-0.7071067811865475,0.0,0.0,-0.7071067811865475,2,0.17534246575342466,1,1,1,2,-0.7071067811865472,0.0,0.0,0.0,0.17534246575342466,1.0134,0.17534246575342466,0.0,0.17534246575342466,0.17534246575342466,0.0,0.0,20,3.05,0,1.0,1.0,0.0,-0.7071067811865475,0.0,0.0,-0.7071067811865476,0.0,0.0,0.0,585.5181984900419,2021-04-30,0.0
990001,34,2,2,0,0,1,2,Business Development,1.0356164383561643,0.7071067811865476,0.0,0.0,0.0,2,1.0356164383561643,1,1,2,1,0.7071067811865479,0.0,-0.7071067811865476,0.0,1.0356164383561643,1.0113,1.0356164383561643,0.0,1.0356164383561643,1.0356164383561643,0.0,0.0,18,3.2777777777777777,0,1.0,1.0,4.0,0.7071067811865475,0.0,0.7071067811865444,0.0,0.0,7.0,0.0,0.0,2021-05-31,0.0
990002,34,2,1,0,4,0,2,Data Scientist,1.0356164383561643,0.0,0.0,0.0,0.7071067811865476,1,1.0356164383561643,1,1,2,2,0.0,0.0,0.7071067811865476,0.0,1.0356164383561643,1.0028,1.0356164383561643,0.0,1.0356164383561643,1.0356164383561643,0.0,0.0,19,3.1052631578947367,1,1.0,1.0,3.9,0.0,0.0,-0.7071067811865506,0.7071067811865476,4.0,0.0,0.0,8.016643112499974,2021-05-31,0.0
990003,28,2,2,0,1,1,1,Data Scientist,0.2602739726027397,-0.7071067811865475,0.0,0.0,-0.7071067811865475,2,0.2602739726027397,1,1,1,2,-0.7071067811865472,0.0,0.0,0.0,0.2602739726027397,1.0134,0.2602739726027397,0.0,0.2602739726027397,0.2602739726027397,0.0,0.0,20,3.05,0,1.0,1.0,0.0,-0.7071067811865475,0.0,0.0,-0.7071067811865476,0.0,0.0,0.0,585.5181984900419,2021-05-31,0.0
990001,34,2,2,0,0,1,2,Business Development,1.1178082191780823,0.7071067811865476,0.0,0.0,0.0,2,1.1178082191780823,1,1,2,1,0.7071067811865479,0.0,-0.7071067811865476,0.0,1.1178082191780823,1.0113,1.1178082191780823,0.0,1.1178082191780823,1.1178082191780823,0.0,0.0,18,3.2777777777777777,0,1.0,1.0,3.9,-0.707106781186548,0.0,-0.7071067811865506,0.0,1.0,7.0,0.0,0.0,2021-06-30,0.0
990002,34,2,1,0,4,0,2,Data Scientist,1.1178082191780823,0.7071067811865475,0.0,0.0,0.7071067811865476,2,1.1178082191780823,1,1,2,2,0.7071067811865476,0.0,0.7071067811865476,0.0,1.1178082191780823,1.0028,1.1178082191780823,0.0,1.1178082191780823,1.1178082191780823,0.0,0.0,19,3.1052631578947367,1,1.0,1.0,4.0,0.7071067811865475,0.0,0.7071067811865444,-0.7071067811865475,4.0,0.0,0.0,8.016643112499974,2021-06-30,0.0
990003,28,2,2,0,1,1,1,Data Scientist,0.3424657534246575,-0.7071067811865477,0.0,0.7071067811865476,-0.7071067811865477,2,0.3424657534246575,1,1,2,2,-0.7071067811865472,0.0,0.7071067811865478,0.0,0.3424657534246575,1.0134,0.3424657534246575,0.0,0.3424657534246575,0.3424657534246575,0.0,0.0,20,3.05,0,1.0,1.0,4.6,0.7071067811865471,0.0,0.7071067811865475,0.7071067811865475,0.0,0.0,0.0,585.5181984900419,2021-06-30,0.0
990004,24,1,2,0,0,0,1,Operations,0.06575342465753424,-0.7071067811865475,0.0,-0.7071067811865476,0.0,2,0.06575342465753424,1,1,2,1,-0.7071067811865476,0.0,-0.7071067811865471,0.0,0.06575342465753424,1.0014,0.06575342465753424,0.0,0.06575342465753424,0.06575342465753424,0.0,0.0,14,3.357142857142857,3,1.0,1.0,0.0,-0.7071067811865475,0.0,-0.7071067811865475,0.0,0.0,0.0,0.0,678.8924358516423,2021-06-30,0.0
990001,34,2,2,0,0,1,2,Business Development,1.2027397260273973,0.7071067811865476,0.0,0.0,0.0,2,1.2027397260273973,1,1,2,1,0.7071067811865479,0.0,-0.7071067811865476,0.0,1.2027397260273973,1.0113,1.2027397260273973,0.0,1.2027397260273973,1.2027397260273973,0.0,0.0,18,3.2777777777777777,0,1.0,1.0,3.9,-0.707106781186548,0.0,-0.7071067811865506,0.0,1.0,0.0,0.0,0.0,2021-07-31,0.0
990002,34,2,1,0,4,0,2,Data Scientist,1.2027397260273973,0.7071067811865475,0.0,0.0,0.7071067811865476,2,1.2027397260273973,1,1,2,2,0.7071067811865476,0.0,0.7071067811865476,0.0,1.2027397260273973,1.0028,1.2027397260273973,0.0,1.2027397260273973,1.2027397260273973,0.0,0.0,19,3.1052631578947367,1,1.0,1.0,4.0,0.7071067811865475,0.0,0.7071067811865444,-0.7071067811865475,2.0,0.0,0.0,8.016643112499974,2021-07-31,0.0
990003,28,2,2,0,1,1,1,Data Scientist,0.4273972602739726,-0.7071067811865476,0.0,0.7071067811865477,-0.7071067811865476,2,0.4273972602739726,1,1,2,2,-0.7071067811865472,0.0,0.7071067811865478,0.0,0.4273972602739726,1.0134,0.4273972602739726,0.0,0.4273972602739726,0.4273972602739726,0.0,0.0,20,3.05,0,1.0,1.0,4.6,0.7071067811865471,0.0,0.7071067811865475,0.7071067811865475,0.0,0.0,0.0,585.5181984900419,2021-07-31,0.0
990004,24,1,2,0,0,0,1,Operations,0.1506849315068493,-0.7071067811865475,0.0,-0.7071067811865474,0.0,2,0.1506849315068493,1,1,2,1,-0.7071067811865476,0.0,-0.7071067811865471,0.0,0.1506849315068493,1.0014,0.1506849315068493,0.0,0.1506849315068493,0.1506849315068493,0.0,0.0,14,3.357142857142857,3,1.0,1.0,0.0,-0.7071067811865475,0.0,-0.7071067811865475,0.0,0.0,0.0,0.0,678.8924358516423,2021-07-31,0.0
990001,34,2,2,0,0,1,2,Business Development,1.2876712328767124,0.7071067811865476,0.0,0.0,0.0,2,1.2876712328767124,1,1,2,1,0.7071067811865479,0.0,-0.7071067811865476,0.0,1.2876712328767124,1.0113,1.2876712328767124,0.0,1.2876712328767124,1.2876712328767124,0.0,0.0,18,3.2777777777777777,0,1.0,1.0,3.9,-0.707106781186548,0.0,-0.7071067811865506,0.0,3.0,0.0,0.0,0.0,2021-08-31,0.0
990002,34,2,1,0,4,0,2,Data Scientist,1.2876712328767124,0.7071067811865476,0.0,0.0,0.7071067811865476,2,1.2876712328767124,1,1,2,2,0.7071067811865476,0.0,0.7071067811865476,0.0,1.2876712328767124,1.0028,1.2876712328767124,0.0,1.2876712328767124,1.2876712328767124,0.0,0.0,19,3.1052631578947367,1,1.0,1.0,4.0,0.7071067811865475,0.0,0.7071067811865444,-0.7071067811865475,2.0,0.0,0.0,8.016643112499974,2021-08-31,0.0
990003,28,2,2,0,1,1,1,Data Scientist,0.5123287671232877,-0.7071067811865476,0.0,0.7071067811865475,-0.7071067811865476,2,0.5123287671232877,1,1,2,2,-0.7071067811865472,0.0,0.7071067811865478,0.0,0.5123287671232877,1.0134,0.5123287671232877,0.0,0.5123287671232877,0.5123287671232877,0.0,0.0,20,3.05,0,1.0,1.0,4.6,0.7071067811865471,0.0,0.7071067811865475,0.7071067811865475,0.0,0.0,0.0,585.5181984900419,2021-08-31,0.0
990004,24,1,2,0,0,0,1,Operations,0.2356164383561644,-0.7071067811865475,0.0,-0.7071067811865476,0.0,2,0.2356164383561644,1,1,2,1,-0.7071067811865476,0.0,-0.7071067811865471,0.0,0.2356164383561644,1.0014,0.2356164383561644,0.0,0.2356164383561644,0.2356164383561644,0.0,0.0,14,3.357142857142857,3,1.0,1.0,0.0,-0.7071067811865475,0.0,-0.7071067811865475,0.0,0.0,0.0,0.0,678.8924358516423,2021-08-31,0.0
990001,34,2,2,0,0,1,2,Business Development,1.36986301369863,0.7071067811865475,0.0,0.0,0.0,2,1.36986301369863,1,1,2,1,0.7071067811865479,0.0,-0.7071067811865476,0.0,1.36986301369863,1.0113,1.36986301369863,0.0,1.36986301369863,1.36986301369863,0.0,0.0,18,3.2777777777777777,0,1.0,1.0,3.9,-0.707106781186548,0.0,-0.7071067811865506,0.0,2.0,0.0,0.0,0.0,2021-09-30,0.0
990002,34,2,1,0,4,0,2,Data Scientist,1.36986301369863,0.7071067811865475,0.0,0.0,0.7071067811865475,2,1.36986301369863,1,1,2,2,0.7071067811865476,0.0,0.7071067811865476,0.0,1.36986301369863,1.0028,1.36986301369863,0.0,1.36986301369863,1.36986301369863,0.0,0.0,19,3.1052631578947367,1,1.0,1.0,4.0,0.7071067811865475,0.0,0.7071067811865444,-0.7071067811865475,0.0,0.0,0.0,8.016643112499974,2021-09-30,0.0
990003,28,2,2,0,1,1,1,Data Scientist,0.5945205479452055,-0.7071067811865477,0.0,0.7071067811865476,-0.7071067811865477,2,0.5945205479452055,1,1,2,2,-0.7071067811865472,0.0,0.7071067811865478,0.0,0.5945205479452055,1.0134,0.5945205479452055,0.0,0.5945205479452055,0.5945205479452055,0.0,0.0,20,3.05,0,1.0,1.0,4.6,0.7071067811865471,0.0,0.7071067811865475,0.7071067811865475,0.0,0.0,0.0,585.5181984900419,2021-09-30,0.0
990004,24,1,2,0,0,0,1,Operations,0.3178082191780822,-0.7071067811865475,0.0,-0.7071067811865476,0.0,2,0.3178082191780822,1,1,2,1,-0.7071067811865476,0.0,-0.7071067811865471,0.0,0.3178082191780822,1.0014,0.3178082191780822,0.0,0.3178082191780822,0.3178082191780822,0.0,0.0,14,3.357142857142857,3,1.0,1.0,0.0,-0.7071067811865475,0.0,-0.7071067811865475,0.0,0.0,0.0,0.0,678.8924358516423,2021-09-30,0.0
990001,34,2,2,0,0,1,2,Business Development,1.4547945205479451,0.7071067811865475,0.0,0.0,0.0,2,1.4547945205479451,1,1,2,1,0.7071067811865479,0.0,-0.7071067811865476,0.0,1.4547945205479451,1.0113,1.4547945205479451,0.0,1.4547945205479451,1.4547945205479451,0.0,0.0,18,3.2777777777777777,0,1.0,1.0,3.9,-0.707106781186548,0.0,-0.7071067811865506,0.0,2.0,0.0,0.0,0.0,2021-10-31,0.0
990002,34,2,1,0,4,0,2,Data Scientist,1.4547945205479451,0.7071067811865475,0.0,0.0,0.7071067811865475,2,1.4547945205479451,1,1,2,2,0.7071067811865476,0.0,0.7071067811865476,0.0,1.4547945205479451,1.0028,1.4547945205479451,0.0,1.4547945205479451,1.4547945205479451,0.0,0.0,19,3.1052631578947367,1,1.0,1.0,4.0,0.7071067811865475,0.0,0.7071067811865444,-0.7071067811865475,0.0,0.0,0.0,8.016643112499974,2021-10-31,0.0
990003,28,2,2,0,1,1,1,Data Scientist,0.6794520547945205,-0.7071067811865477,0.0,0.7071067811865479,-0.7071067811865477,2,0.6794520547945205,1,1,2,2,-0.7071067811865472,0.0,0.7071067811865478,0.0,0.6794520547945205,1.0134,0.6794520547945205,0.0,0.6794520547945205,0.6794520547945205,0.0,0.0,20,3.05,0,1.0,1.0,4.6,0.7071067811865471,0.0,0.7071067811865475,0.7071067811865475,0.0,0.0,0.0,585.5181984900419,2021-10-31,0.0
990004,24,1,2,0,0,0,1,Operations,0.40273972602739727,-0.7071067811865475,0.0,-0.7071067811865472,0.0,2,0.40273972602739727,1,1,2,1,-0.7071067811865476,0.0,-0.7071067811865471,0.0,0.40273972602739727,1.0014,0.40273972602739727,0.0,0.40273972602739727,0.40273972602739727,0.0,0.0,14,3.357142857142857,3,1.0,1.0,0.0,-0.7071067811865475,0.0,-0.7071067811865475,0.0,0.0,0.0,0.0,678.8924358516423,2021-10-31,0.0
990001,34,2,2,0,0,1,2,Business Development,1.536986301369863,1.3235405248185739,0.0,0.0,0.0,4,1.536986301369863,1,1,2,1,0.7164747202949661,0.0,-0.7071067811865476,0.0,1.536986301369863,1.0113,1.536986301369863,0.0,1.536986301369863,1.536986301369863,0.0,0.0,18,3.2777777777777777,0,1.0,1.0,3.9,0.718529268512519,0.0,-0.7071067811865506,0.0,0.0,0.0,0.0,0.0,2021-11-30,0.0
990002,34,2,1,0,4,0,2,Data Scientist,1.536986301369863,0.7071067811865476,0.0,0.0,0.7071067811865474,2,1.536986301369863,1,1,2,2,0.7071067811865476,0.0,0.7071067811865476,0.0,1.536986301369863,1.0028,1.536986301369863,0.0,1.536986301369863,1.536986301369863,0.0,0.0,19,3.1052631578947367,1,1.0,1.0,4.0,0.7071067811865475,0.0,0.7071067811865444,-0.7071067811865475,0.0,3.0,0.0,8.016643112499974,2021-11-30,0.0
990003,28,2,2,0,1,1,1,Data Scientist,0.7616438356164383,0.22431244404482065,0.0,1.2187707880676428,-0.7071067811865477,4,0.7616438356164383,1,1,4,2,-0.42782344484853896,0.0,0.14082047978207832,0.0,0.7616438356164383,1.0134,0.7616438356164383,0.0,0.7616438356164383,0.7616438356164383,0.0,0.0,20,3.05,0,1.0,1.0,4.6,1.0018929237005545,0.0,1.5,0.7071067811865475,0.0,2.0,0.0,585.5181984900419,2021-11-30,0.0
990004,24,1,2,0,0,0,1,Operations,0.4849315068493151,-0.7071067811865475,0.0,0.4181473760687359,0.0,2,0.4849315068493151,1,1,4,1,-0.7071067811865476,0.0,-0.929122888022767,0.0,0.4849315068493151,1.0014,0.4849315068493151,0.0,0.4849315068493151,0.4849315068493151,0.0,0.0,14,3.357142857142857,3,1.0,1.0,0.0,-0.7071067811865475,0.0,-0.5,0.0,0.0,0.0,0.0,678.8924358516423,2021-11-30,0.0
990005,26,1,2,0,1,0,1,Data Engineer,0.057534246575342465,-0.7739264844316973,0.0,-0.8184590820681898,0.0,4,0.057534246575342465,1,1,4,1,0.9191524522738853,0.0,1.344464286216751,0.0,0.057534246575342465,0.9814,0.057534246575342465,0.0,0.057534246575342465,0.057534246575342465,0.0,0.0,14,2.857142857142857,0,1.0,1.0,0.0,-0.8602110961065368,0.0,-0.5,0.0,0.0,5.0,0.0,0.0,2021-11-30,0.0
990006,27,1,2,0,0,0,1,Software Development,0.057534246575342465,-0.7739264844316973,0.0,-0.8184590820681898,0.0,4,0.057534246575342465,1,1,4,1,-1.2078037277203124,0.0,-0.5561618779760624,0.0,0.057534246575342465,1.011,0.057534246575342465,0.0,0.057534246575342465,0.057534246575342465,0.0,0.0,20,2.95,3,1.0,1.0,0.0,-0.8602110961065368,0.0,-0.5,0.0,0.0,0.0,0.0,8.016643112499974,2021-11-30,0.0
990001,34,2,2,0,0,1,2,Business Development,1.621917808219178,1.7924722183829185,0.0,0.0,0.0,6,1.621917808219178,1,1,2,1,1.0690929283321855,0.0,-0.7071067811865476,0.0,1.621917808219178,1.0113,1.621917808219178,0.0,1.621917808219178,1.621917808219178,0.0,0.0,18,3.2777777777777777,0,1.0,1.0,3.9,0.4527844676053753,0.0,-0.7071067811865459,0.0,0.0,0.0,0.0,0.0,2021-12-31,0.0
990002,34,2,1,0,4,0,2,Data Scientist,1.621917808219178,0.7071067811865476,0.0,0.0,0.9918577117154925,2,1.621917808219178,1,1,2,3,0.7071067811865476,0.0,0.7071067811865476,0.0,1.621917808219178,1.0028,1.621917808219178,0.0,1.621917808219178,1.621917808219178,0.0,0.0,19,3.1052631578947367,1,1.0,1.0,4.1000000000000005,-0.7071067811865476,0.0,0.7071067811865491,0.4754573110501966,0.0,3.0,0.0,8.016643112499974,2021-12-31,0.0
990003,28,2,2,0,1,1,1,Data Scientist,0.8465753424657534,0.5861234959040459,0.0,1.2187707880676428,0.016090391615314947,6,0.8465753424657534,1,1,4,3,0.19011387588631387,0.0,0.14082047978207832,0.0,0.8465753424657534,1.0134,0.8465753424657534,0.0,0.8465753424657534,0.8465753424657534,0.0,0.0,20,3.05,0,1.0,1.0,4.6,0.7645377075959614,0.0,0.26111648393354625,0.6735645239877781,0.0,2.0,0.0,585.5181984900419,2021-12-31,0.0
990004,24,1,2,0,0,0,1,Operations,0.5698630136986301,-0.7071067811865475,0.0,0.4181473760687359,0.0,2,0.5698630136986301,1,1,4,1,-0.7071067811865476,0.0,-0.929122888022767,0.0,0.5698630136986301,1.0014,0.5698630136986301,0.0,0.5698630136986301,0.5698630136986301,0.0,0.0,14,3.357142857142857,3,1.0,1.0,4.8,0.7071067811865476,0.0,1.3055824196677357,0.0,0.0,0.0,0.0,678.8924358516423,2021-12-31,0.0
990005,26,1,2,0,1,0,1,Data Engineer,0.14246575342465753,-0.5093946018947888,0.0,-0.8184590820681898,0.7071067811865475,6,0.14246575342465753,1,1,4,2,1.2247774223157681,0.0,1.344464286216751,0.0,0.14246575342465753,0.9814,0.14246575342465753,0.0,0.14246575342465753,0.14246575342465753,0.0,0.0,14,2.857142857142857,0,1.0,1.0,4.4,0.6754653533129371,0.0,-0.7833494518006388,0.7071067811865476,0.0,5.0,0.0,0.0,2021-12-31,0.0
990006,27,1,2,0,0,0,1,Software Development,0.14246575342465753,-0.5093946018947888,0.0,-0.8184590820681898,0.0,6,0.14246575342465753,1,1,4,1,-0.4090187198380844,0.0,-0.5561618779760624,0.0,0.14246575342465753,1.011,0.14246575342465753,0.0,0.14246575342465753,0.14246575342465753,0.0,0.0,20,2.95,3,1.0,1.0,4.4,0.6754653533129371,0.0,-0.7833494518006388,0.0,0.0,0.0,0.0,8.016643112499974,2021-12-31,0.0
990009,22,1,2,0,2,0,0,Data Scientist,0.03287671232876712,-0.6799032552486931,0.0,0.0,-1.0079481033308078,6,0.03287671232876712,1,1,2,3,-1.0177336976279,0.0,0.7071067811865476,0.0,0.03287671232876712,1.0033,0.03287671232876712,0.0,0.03287671232876712,0.03287671232876712,0.0,0.0,16,2.75,2,1.0,1.0,0.0,-1.2841264409136053,0.0,0.0,-1.1490218350379744,0.0,7.0,0.0,0.0,2021-12-31,0.0
990010,20,1,2,0,1,0,0,Data Engineer,0.03287671232876712,-0.6799032552486931,0.0,0.0,-0.7071067811865476,6,0.03287671232876712,1,1,2,2,-1.0572318090682833,0.0,-0.7071067811865476,0.0,0.03287671232876712,0.9864,0.03287671232876712,0.0,0.03287671232876712,0.03287671232876712,0.0,0.0,10,3.3,1,1.0,1.0,0.0,-1.2841264409136053,0.0,0.0,-0.7071067811865476,0.0,0.0,0.0,8.016643112499974,2021-12-31,0.0
990001,35,2,2,0,0,1,4,Business Development,1.7068493150684931,1.7924722183829187,0.0,0.0,0.0,6,1.7068493150684931,1,1,2,1,1.8343670181099794,0.0,-0.7071067811865476,1.3560961139127856,1.7068493150684931,0.9928,0.0821917808219178,1.0,0.0821917808219178,0.0821917808219178,0.0,0.0,18,3.2777777777777777,0,1.0,1.0,3.9,0.4527844676053753,0.0,-0.7071067811865459,0.0,0.0,0.0,0.0,0.0,2022-01-31,0.0
990002,35,2,1,0,4,0,4,Data Scientist,1.7068493150684931,0.7071067811865476,0.0,0.0,0.9918577117154925,2,1.7068493150684931,1,1,2,3,0.7071067811865476,0.0,0.7071067811865476,0.9706820901475868,1.7068493150684931,0.9881,0.0821917808219178,1.0,0.0821917808219178,0.0821917808219178,0.0,0.0,19,3.1052631578947367,1,1.0,1.0,4.1000000000000005,-0.7071067811865476,0.0,0.7071067811865491,0.4754573110501966,0.0,3.0,0.0,8.016643112499974,2022-01-31,0.0
990003,29,2,2,0,1,1,2,Data Scientist,0.9315068493150684,0.586123495904046,0.0,0.0,0.016090391615314947,6,0.9315068493150684,1,1,1,3,0.3308775687796296,0.0,0.0,0.62193276758108,0.9315068493150684,0.9862,0.0821917808219178,1.0,0.0821917808219178,0.0821917808219178,0.0,0.0,20,3.05,0,1.0,1.0,4.6,0.7645377075959614,0.0,0.0,0.6735645239877781,0.0,2.0,0.0,585.5181984900419,2022-01-31,0.0
990004,25,1,2,0,0,0,1,Operations,0.6547945205479452,-0.7071067811865475,0.0,1.1547005383792517,0.0,2,0.6547945205479452,1,1,3,1,-0.7071067811865475,0.0,-0.6590400518011315,0.05849999999999999,0.07123287671232877,1.0599819,0.6547945205479452,0.0,0.6547945205479452,0.6547945205479452,0.0,0.0,14,3.357142857142857,3,1.0,1.0,4.8,0.7071067811865476,0.0,1.1547005383792528,0.0,0.0,0.0,0.0,678.8924358516423,2022-01-31,0.0
990005,27,1,2,0,1,0,1,Data Engineer,0.2273972602739726,-0.5093946018947888,0.0,-0.5773502691896257,0.7071067811865475,6,0.2273972602739726,1,1,3,2,-0.046628123332835766,0.0,1.1506470913365259,0.0,0.2273972602739726,0.9814,0.2273972602739726,0.0,0.2273972602739726,0.2273972602739726,0.0,0.0,14,2.857142857142857,0,1.0,1.0,4.4,0.6754653533129371,0.0,-0.5773502691896244,0.7071067811865476,0.0,12.0,0.0,0.0,2022-01-31,0.0
990006,28,1,2,0,0,0,1,Software Development,0.2273972602739726,-0.5093946018947888,0.0,-0.5773502691896257,0.0,6,0.2273972602739726,1,1,3,1,-0.5715840693666909,0.0,-0.4916070395353939,0.0,0.2273972602739726,1.011,0.2273972602739726,0.0,0.2273972602739726,0.2273972602739726,0.0,0.0,20,2.95,3,1.0,1.0,4.4,0.6754653533129371,0.0,-0.5773502691896244,0.0,0.0,0.0,0.0,8.016643112499974,2022-01-31,0.0
990009,23,1,2,0,2,0,0,Data Scientist,0.1178082191780822,-0.679903255248693,0.0,0.0,-1.0079481033308078,6,0.1178082191780822,1,1,2,3,-0.7671706170306883,0.0,0.7071067811865476,0.0,0.1178082191780822,1.0033,0.1178082191780822,0.0,0.1178082191780822,0.1178082191780822,0.0,0.0,16,2.75,2,1.0,1.0,0.0,-1.2841264409136053,0.0,0.0,-1.1490218350379744,0.0,12.0,0.0,0.0,2022-01-31,0.0
990010,21,1,2,0,1,0,0,Data Engineer,0.1178082191780822,-0.679903255248693,0.0,0.0,-0.7071067811865476,6,0.1178082191780822,1,1,2,2,-0.7798617771593946,0.0,-0.7071067811865476,0.0,0.1178082191780822,0.9864,0.1178082191780822,0.0,0.1178082191780822,0.1178082191780822,0.0,0.0,10,3.3,1,1.0,1.0,0.0,-1.2841264409136053,0.0,0.0,-0.7071067811865476,0.0,0.0,0.0,8.016643112499974,2022-01-31,0.0
990001,35,2,2,0,0,1,4,Business Development,1.7835616438356163,1.792472218382918,0.0,0.0,0.0,6,1.7835616438356163,1,1,2,1,-0.10596822640197699,0.0,-0.7071067811865476,1.3560961139127856,1.7835616438356163,0.9928,0.1589041095890411,1.0,0.1589041095890411,0.1589041095890411,0.0,0.0,18,3.2777777777777777,0,1.0,1.0,3.9,0.4527844676053753,0.0,-0.7071067811865459,0.0,0.0,5.0,0.0,0.0,2022-02-28,0.0
990002,35,2,1,0,4,0,4,Data Scientist,1.7835616438356163,1.3748320708027821,0.0,0.0,0.9918577117154926,4,1.7835616438356163,1,1,2,3,1.4525160148576837,0.0,0.7071067811865476,0.9706820901475868,1.7835616438356163,0.9881,0.1589041095890411,1.0,0.1589041095890411,0.1589041095890411,0.0,0.0,19,3.1052631578947367,1,1.0,1.0,4.1000000000000005,0.7253235664820744,0.0,0.7071067811865491,0.4754573110501966,0.0,3.0,0.0,8.016643112499974,2022-02-28,0.0
990003,29,2,2,0,1,1,2,Data Scientist,1.0082191780821919,0.586123495904046,0.0,1.1106421923495637,0.01609039161531523,6,1.0082191780821919,1,1,3,3,-0.3652652506880468,0.0,-0.5606247349054791,0.62193276758108,1.0082191780821919,0.9862,0.1589041095890411,1.0,0.1589041095890411,0.1589041095890411,0.0,0.0,20,3.05,0,1.0,1.0,4.6,0.7645377075959614,0.0,0.6153846153846152,0.6735645239877781,0.0,2.0,0.0,585.5181984900419,2022-02-28,0.0
990004,25,1,2,0,0,0,1,Operations,0.7315068493150685,0.10727981344799611,0.0,1.0632506409045408,0.0,4,0.7315068493150685,1,1,3,1,-0.6444566094830272,0.0,-0.514433723907454,0.05849999999999999,0.14794520547945206,1.0599819,0.7315068493150685,0.0,0.7315068493150685,0.7315068493150685,0.0,0.0,14,3.357142857142857,3,1.0,1.0,4.8,0.9961110313020486,0.0,0.6508140266182866,0.0,2.0,0.0,0.0,678.8924358516423,2022-02-28,0.0
990005,27,1,2,0,1,0,1,Data Engineer,0.3041095890410959,-0.5093946018947889,0.0,-0.14159512167009625,0.7071067811865474,6,0.3041095890410959,1,1,3,2,-0.43037119649924876,0.0,1.1524924942480685,0.0,0.3041095890410959,0.9814,0.3041095890410959,0.0,0.3041095890410959,0.3041095890410959,0.0,0.0,14,2.857142857142857,0,1.0,1.0,4.4,0.6754653533129371,0.0,0.500626174321759,0.7071067811865476,0.0,12.0,0.0,0.0,2022-02-28,0.0
990006,28,1,2,0,0,0,2,Software Development,0.3041095890410959,-0.5093946018947889,0.0,-0.28172387318135267,0.0,6,0.3041095890410959,1,1,3,1,2.0130703617855135,0.0,1.1545405584641715,15.482096933728984,0.3041095890410959,9.802,0.07397260273972603,1.0,0.07397260273972603,0.07397260273972603,0.0,0.0,20,2.95,3,1.0,1.0,4.4,0.6754653533129371,0.0,0.5384615384615385,0.0,0.0,0.0,0.0,8.016643112499974,2022-02-28,0.0
990007,24,1,2,0,0,0,1,Sales,0.0273972602739726,-0.7410559421253894,0.0,-0.9216555192344447,0.0,4,0.0273972602739726,1,1,3,1,-0.6764199592755293,0.0,-0.6380587703406133,0.0,0.0273972602739726,1.0092,0.0273972602739726,0.0,0.0273972602739726,0.0273972602739726,0.0,0.0,6,2.8333333333333335,5,1.0,1.0,0.0,-0.8607172988920615,0.0,-1.1514402009400453,0.0,0.0,7.0,0.0,585.5181984900419,2022-02-28,0.0
990008,31,1,1,0,0,0,2,Marketing,0.0273972602739726,-0.7410559421253894,0.0,-0.8289183191682109,0.0,4,0.0273972602739726,1,1,3,1,-0.13163944609912737,0.0,-0.5939158235586924,0.0,0.0273972602739726,0.9925,0.0273972602739726,0.0,0.0273972602739726,0.0273972602739726,0.0,0.0,12,3.5833333333333335,0,1.0,1.0,0.0,-0.8607172988920615,0.0,-1.1538461538461537,0.0,0.0,7.0,0.0,678.8924358516423,2022-02-28,0.0
990009,23,1,2,0,2,0,0,Data Scientist,0.19452054794520549,-0.6799032552486932,0.0,0.0,-1.0079481033308078,6,0.19452054794520549,1,1,2,3,-0.554638463270381,0.0,0.7071067811865476,0.0,0.19452054794520549,1.0033,0.19452054794520549,0.0,0.19452054794520549,0.19452054794520549,0.0,0.0,16,2.75,2,1.0,1.0,0.0,-1.2841264409136053,0.0,0.0,-1.1490218350379744,0.0,12.0,0.0,0.0,2022-02-28,0.0
990010,21,1,2,0,1,0,0,Data Engineer,0.19452054794520549,-0.6799032552486932,0.0,0.0,-0.7071067811865477,6,0.19452054794520549,1,1,2,2,-0.5568272249258601,0.0,-0.7071067811865476,0.0,0.19452054794520549,0.9864,0.19452054794520549,0.0,0.19452054794520549,0.19452054794520549,0.0,0.0,10,3.3,1,1.0,1.0,0.0,-1.2841264409136053,0.0,0.0,-0.7071067811865476,0.0,0.0,0.0,8.016643112499974,2022-02-28,0.0
990001,35,2,2,0,0,1,4,Business Development,1.8684931506849316,1.792472218382918,0.0,0.0,0.0,6,1.8684931506849316,1,1,2,1,-0.10596822640197699,0.0,-0.7071067811865476,1.3560961139127856,1.8684931506849316,0.9928,0.24383561643835616,1.0,0.24383561643835616,0.24383561643835616,0.0,0.0,18,3.2777777777777777,0,1.0,1.0,3.9,0.4527844676053753,0.0,-0.7071067811865459,0.0,0.0,5.0,0.0,0.0,2022-03-31,0.0
990002,35,2,1,0,4,0,4,Data Scientist,1.8684931506849316,1.3748320708027821,0.0,0.0,0.9918577117154926,4,1.8684931506849316,1,1,2,3,1.4525160148576837,0.0,0.7071067811865476,0.9706820901475868,1.8684931506849316,0.9881,0.24383561643835616,1.0,0.24383561643835616,0.24383561643835616,0.0,0.0,19,3.1052631578947367,1,1.0,1.0,4.1000000000000005,0.7253235664820744,0.0,0.7071067811865491,0.4754573110501966,0.0,3.0,0.0,8.016643112499974,2022-03-31,0.0
990003,29,2,2,0,1,1,2,Data Scientist,1.093150684931507,0.5861234959040456,0.0,1.1106421923495637,0.016090391615315086,6,1.093150684931507,1,1,3,3,-0.3652652506880468,0.0,-0.5606247349054791,0.62193276758108,1.093150684931507,0.9862,0.24383561643835616,1.0,0.24383561643835616,0.24383561643835616,0.0,0.0,20,3.05,0,1.0,1.0,4.6,0.7645377075959614,0.0,0.6153846153846152,0.6735645239877781,0.0,2.0,0.0,585.5181984900419,2022-03-31,0.0
990004,25,1,2,0,0,0,1,Operations,0.8164383561643835,0.1072798134479961,0.0,1.0632506409045408,0.0,4,0.8164383561643835,1,1,3,1,-0.6444566094830272,0.0,-0.514433723907454,0.05849999999999999,0.2328767123287671,1.0599819,0.8164383561643835,0.0,0.8164383561643835,0.8164383561643835,0.0,0.0,14,3.357142857142857,3,1.0,1.0,4.8,0.9961110313020486,0.0,0.6508140266182866,0.0,2.0,0.0,0.0,678.8924358516423,2022-03-31,0.0
990005,27,1,2,0,1,0,1,Data Engineer,0.38904109589041097,-0.5093946018947892,0.0,-0.14159512167009625,0.7071067811865476,6,0.38904109589041097,1,1,3,2,-0.43037119649924876,0.0,1.1524924942480685,0.0,0.38904109589041097,0.9814,0.38904109589041097,0.0,0.38904109589041097,0.38904109589041097,0.0,0.0,14,2.857142857142857,0,1.0,1.0,4.4,0.6754653533129371,0.0,0.500626174321759,0.7071067811865476,0.0,12.0,0.0,0.0,2022-03-31,0.0
990006,28,1,2,0,0,0,2,Software Development,0.38904109589041097,-0.5093946018947892,0.0,-0.2817238731813528,0.0,6,0.38904109589041097,1,1,3,1,2.0130703617855135,0.0,1.1545405584641715,15.482096933728984,0.38904109589041097,9.802,0.1589041095890411,1.0,0.1589041095890411,0.1589041095890411,0.0,0.0,20,2.95,3,1.0,1.0,4.4,0.6754653533129371,0.0,0.5384615384615385,0.0,0.0,0.0,0.0,8.016643112499974,2022-03-31,0.0
990007,24,1,2,0,0,0,1,Sales,0.11232876712328767,-0.7410559421253893,0.0,-0.9216555192344447,0.0,4,0.11232876712328767,1,1,3,1,-0.6764199592755293,0.0,-0.6380587703406133,0.0,0.11232876712328767,1.0092,0.11232876712328767,0.0,0.11232876712328767,0.11232876712328767,0.0,0.0,6,2.8333333333333335,5,1.0,1.0,0.0,-0.8607172988920615,0.0,-1.1514402009400453,0.0,0.0,7.0,0.0,585.5181984900419,2022-03-31,0.0
990008,31,1,1,0,0,0,2,Marketing,0.11232876712328767,-0.7410559421253893,0.0,-0.828918319168211,0.0,4,0.11232876712328767,1,1,3,1,-0.13163944609912737,0.0,-0.5939158235586924,0.0,0.11232876712328767,0.9925,0.11232876712328767,0.0,0.11232876712328767,0.11232876712328767,0.0,0.0,12,3.5833333333333335,0,1.0,1.0,0.0,-0.8607172988920615,0.0,-1.1538461538461537,0.0,0.0,7.0,0.0,678.8924358516423,2022-03-31,0.0
990009,23,1,2,0,2,0,0,Data Scientist,0.27945205479452057,-0.6799032552486935,0.0,0.0,-1.0079481033308078,6,0.27945205479452057,1,1,2,3,-0.554638463270381,0.0,0.7071067811865476,0.0,0.27945205479452057,1.0033,0.27945205479452057,0.0,0.27945205479452057,0.27945205479452057,0.0,0.0,16,2.75,2,1.0,1.0,0.0,-1.2841264409136053,0.0,0.0,-1.1490218350379744,0.0,12.0,0.0,0.0,2022-03-31,0.0
990010,21,1,2,0,1,0,0,Data Engineer,0.27945205479452057,-0.6799032552486935,0.0,0.0,-0.7071067811865476,6,0.27945205479452057,1,1,2,2,-0.5568272249258601,0.0,-0.7071067811865476,0.0,0.27945205479452057,0.9864,0.27945205479452057,0.0,0.27945205479452057,0.27945205479452057,0.0,0.0,10,3.3,1,1.0,1.0,0.0,-1.2841264409136053,0.0,0.0,-0.7071067811865476,0.0,0.0,0.0,8.016643112499974,2022-03-31,0.0
990001,35,2,2,0,0,1,4,Business Development,1.9506849315068493,1.7924722183829187,0.0,0.0,0.0,6,1.9506849315068493,1,1,2,1,-0.10596822640197699,0.0,-0.7071067811865476,1.3560961139127856,1.9506849315068493,0.9928,0.32602739726027397,1.0,0.32602739726027397,0.32602739726027397,0.0,0.0,18,3.2777777777777777,0,1.0,1.0,3.9,0.4527844676053753,0.0,-0.7071067811865459,0.0,0.0,5.0,0.0,0.0,2022-04-30,0.0
990002,35,2,1,0,4,0,4,Data Scientist,1.9506849315068493,1.3748320708027824,0.0,0.0,0.9918577117154928,4,1.9506849315068493,1,1,2,3,1.4525160148576837,0.0,0.7071067811865476,0.9706820901475868,1.9506849315068493,0.9881,0.32602739726027397,1.0,0.32602739726027397,0.32602739726027397,0.0,0.0,19,3.1052631578947367,1,1.0,1.0,4.1000000000000005,0.7253235664820744,0.0,0.7071067811865491,0.4754573110501966,0.0,3.0,0.0,8.016643112499974,2022-04-30,0.0
990003,29,2,2,0,1,1,2,Data Scientist,1.1753424657534246,0.586123495904046,0.0,1.1106421923495635,0.01609039161531509,6,1.1753424657534246,1,1,3,3,-0.3652652506880468,0.0,-0.5606247349054791,0.62193276758108,1.1753424657534246,0.9862,0.32602739726027397,1.0,0.32602739726027397,0.32602739726027397,0.0,0.0,20,3.05,0,1.0,1.0,4.6,0.7645377075959614,0.0,0.6153846153846152,0.6735645239877781,0.0,2.0,0.0,585.5181984900419,2022-04-30,0.0
990004,25,1,2,0,0,0,1,Operations,0.8986301369863013,0.10727981344799625,0.0,1.0632506409045408,0.0,4,0.8986301369863013,1,1,3,1,-0.6444566094830272,0.0,-0.514433723907454,0.05849999999999999,0.3150684931506849,1.0599819,0.8986301369863013,0.0,0.8986301369863013,0.8986301369863013,0.0,0.0,14,3.357142857142857,3,1.0,1.0,4.8,0.9961110313020486,0.0,0.6508140266182866,0.0,8.0,0.0,0.0,678.8924358516423,2022-04-30,0.0
990005,27,1,2,0,1,0,1,Data Engineer,0.4712328767123288,-0.5093946018947888,0.0,-0.14159512167009625,0.7071067811865476,6,0.4712328767123288,1,1,3,2,-0.43037119649924876,0.0,1.1524924942480685,0.0,0.4712328767123288,0.9814,0.4712328767123288,0.0,0.4712328767123288,0.4712328767123288,0.0,0.0,14,2.857142857142857,0,1.0,1.0,4.4,0.6754653533129371,0.0,0.500626174321759,0.7071067811865476,0.0,12.0,0.0,0.0,2022-04-30,0.0
990006,28,1,2,0,0,0,2,Software Development,0.4712328767123288,-0.5093946018947888,0.0,-0.2817238731813528,0.0,6,0.4712328767123288,1,1,3,1,2.0130703617855135,0.0,1.1545405584641715,15.482096933728984,0.4712328767123288,9.802,0.2410958904109589,1.0,0.2410958904109589,0.2410958904109589,0.0,0.0,20,2.95,3,1.0,1.0,4.4,0.6754653533129371,0.0,0.5384615384615385,0.0,0.0,0.0,0.0,8.016643112499974,2022-04-30,0.0
990007,24,1,2,0,0,0,1,Sales,0.19452054794520549,-0.7410559421253893,0.0,-0.9216555192344447,0.0,4,0.19452054794520549,1,1,3,1,-0.6764199592755293,0.0,-0.6380587703406133,0.0,0.19452054794520549,1.0092,0.19452054794520549,0.0,0.19452054794520549,0.19452054794520549,0.0,0.0,6,2.8333333333333335,5,1.0,1.0,0.0,-0.8607172988920615,0.0,-1.1514402009400453,0.0,0.0,7.0,0.0,585.5181984900419,2022-04-30,0.0
990008,31,1,1,0,0,0,2,Marketing,0.19452054794520549,-0.7410559421253893,0.0,-0.828918319168211,0.0,4,0.19452054794520549,1,1,3,1,-0.13163944609912737,0.0,-0.5939158235586924,0.0,0.19452054794520549,0.9925,0.19452054794520549,0.0,0.19452054794520549,0.19452054794520549,0.0,0.0,12,3.5833333333333335,0,1.0,1.0,0.0,-0.8607172988920615,0.0,-1.1538461538461537,0.0,0.0,7.0,0.0,678.8924358516423,2022-04-30,0.0
990009,23,1,2,0,2,0,0,Data Scientist,0.36164383561643837,-0.679903255248693,0.0,0.0,-1.0079481033308075,6,0.36164383561643837,1,1,2,3,-0.554638463270381,0.0,0.7071067811865476,0.0,0.36164383561643837,1.0033,0.36164383561643837,0.0,0.36164383561643837,0.36164383561643837,0.0,0.0,16,2.75,2,1.0,1.0,0.0,-1.2841264409136053,0.0,0.0,-1.1490218350379744,0.0,12.0,0.0,0.0,2022-04-30,0.0
990010,21,1,2,0,1,0,0,Data Engineer,0.36164383561643837,-0.679903255248693,0.0,0.0,-0.7071067811865476,6,0.36164383561643837,1,1,2,2,-0.5568272249258601,0.0,-0.7071067811865476,0.0,0.36164383561643837,0.9864,0.36164383561643837,0.0,0.36164383561643837,0.36164383561643837,0.0,0.0,10,3.3,1,1.0,1.0,0.0,-1.2841264409136053,0.0,0.0,-0.7071067811865476,0.0,0.0,0.0,8.016643112499974,2022-04-30,0.0
990001,35,2,2,0,0,1,4,Business Development,2.0356164383561643,1.792472218382918,0.0,0.0,0.0,6,2.0356164383561643,1,1,2,1,-0.10596822640197699,0.0,-0.7071067811865476,1.3560961139127856,2.0356164383561643,0.9928,0.410958904109589,1.0,0.410958904109589,0.410958904109589,0.0,0.0,18,3.2777777777777777,0,1.0,1.0,3.9,0.4527844676053753,0.0,-0.7071067811865459,0.0,0.0,5.0,0.0,0.0,2022-05-31,0.0
990002,35,2,1,0,4,0,4,Data Scientist,2.0356164383561643,1.3748320708027824,0.0,0.0,0.9918577117154928,4,2.0356164383561643,1,1,2,3,1.4525160148576837,0.0,0.7071067811865476,0.9706820901475868,2.0356164383561643,0.9881,0.410958904109589,1.0,0.410958904109589,0.410958904109589,0.0,0.0,19,3.1052631578947367,1,1.0,1.0,4.1000000000000005,0.7253235664820744,0.0,0.7071067811865491,0.4754573110501966,0.0,0.0,0.0,8.016643112499974,2022-05-31,0.0
990003,29,2,2,0,1,1,2,Data Scientist,1.2602739726027397,0.5861234959040456,0.0,1.1106421923495635,0.01609039161531509,6,1.2602739726027397,1,1,3,3,-0.3652652506880468,0.0,-0.5606247349054791,0.62193276758108,1.2602739726027397,0.9862,0.410958904109589,1.0,0.410958904109589,0.410958904109589,0.0,0.0,20,3.05,0,1.0,1.0,4.6,0.7645377075959614,0.0,0.6153846153846152,0.6735645239877781,0.0,0.0,0.0,585.5181984900419,2022-05-31,0.0
990004,25,1,2,0,0,0,1,Operations,0.9835616438356164,0.10727981344799625,0.0,1.063250640904541,0.0,4,0.9835616438356164,1,1,3,1,-0.6444566094830272,0.0,-0.514433723907454,0.05849999999999999,0.4,1.0599819,0.9835616438356164,0.0,0.9835616438356164,0.9835616438356164,0.0,0.0,14,3.357142857142857,3,1.0,1.0,4.8,0.9961110313020486,0.0,0.6508140266182866,0.0,6.0,0.0,0.0,678.8924358516423,2022-05-31,0.0
990005,27,1,2,0,1,0,1,Data Engineer,0.5561643835616439,-0.509394601894789,0.0,-0.1415951216700961,0.7071067811865471,6,0.5561643835616439,1,1,3,2,-0.43037119649924876,0.0,1.1524924942480685,0.0,0.5561643835616439,0.9814,0.5561643835616439,0.0,0.5561643835616439,0.5561643835616439,0.0,0.0,14,2.857142857142857,0,1.0,1.0,4.4,0.6754653533129371,0.0,0.500626174321759,0.7071067811865476,0.0,7.0,0.0,0.0,2022-05-31,0.0
990006,28,1,2,0,0,0,2,Software Development,0.5561643835616439,-0.509394601894789,0.0,-0.28172387318135267,0.0,6,0.5561643835616439,1,1,3,1,2.0130703617855135,0.0,1.1545405584641715,15.482096933728984,0.5561643835616439,9.802,0.32602739726027397,1.0,0.32602739726027397,0.32602739726027397,0.0,0.0,20,2.95,3,1.0,1.0,4.4,0.6754653533129371,0.0,0.5384615384615385,0.0,0.0,0.0,0.0,8.016643112499974,2022-05-31,0.0
990007,24,1,2,0,0,0,1,Sales,0.27945205479452057,-0.7410559421253893,0.0,-0.9216555192344447,0.0,4,0.27945205479452057,1,1,3,1,-0.6764199592755293,0.0,-0.6380587703406133,0.0,0.27945205479452057,1.0092,0.27945205479452057,0.0,0.27945205479452057,0.27945205479452057,0.0,0.0,6,2.8333333333333335,5,1.0,1.0,0.0,-0.8607172988920615,0.0,-1.1514402009400453,0.0,0.0,7.0,0.0,585.5181984900419,2022-05-31,0.0
990008,31,1,1,0,0,0,2,Marketing,0.27945205479452057,-0.7410559421253893,0.0,-0.8289183191682109,0.0,4,0.27945205479452057,1,1,3,1,-0.13163944609912737,0.0,-0.5939158235586924,0.0,0.27945205479452057,0.9925,0.27945205479452057,0.0,0.27945205479452057,0.27945205479452057,0.0,0.0,12,3.5833333333333335,0,1.0,1.0,0.0,-0.8607172988920615,0.0,-1.1538461538461537,0.0,0.0,7.0,0.0,678.8924358516423,2022-05-31,0.0
990009,23,1,2,0,2,0,0,Data Scientist,0.4465753424657534,-0.6799032552486933,0.0,0.0,-1.0079481033308075,6,0.4465753424657534,1,1,2,3,-0.554638463270381,0.0,0.7071067811865476,0.0,0.4465753424657534,1.0033,0.4465753424657534,0.0,0.4465753424657534,0.4465753424657534,0.0,0.0,16,2.75,2,1.0,1.0,0.0,-1.2841264409136053,0.0,0.0,-1.1490218350379744,0.0,5.0,0.0,0.0,2022-05-31,0.0
990010,21,1,2,0,1,0,0,Data Engineer,0.4465753424657534,-0.6799032552486933,0.0,0.0,-0.7071067811865479,6,0.4465753424657534,1,1,2,2,-0.5568272249258601,0.0,-0.7071067811865476,0.0,0.4465753424657534,0.9864,0.4465753424657534,0.0,0.4465753424657534,0.4465753424657534,0.0,0.0,10,3.3,1,1.0,1.0,0.0,-1.2841264409136053,0.0,0.0,-0.7071067811865476,0.0,0.0,0.0,8.016643112499974,2022-05-31,0.0
990001,35,2,2,0,0,1,4,Business Development,2.117808219178082,1.7924722183829183,0.0,0.0,0.0,6,2.117808219178082,1,1,2,1,-0.10596822640197699,0.0,-0.7071067811865476,1.3560961139127856,2.117808219178082,0.9928,0.4931506849315068,1.0,0.4931506849315068,0.4931506849315068,0.0,1.0,18,3.2777777777777777,0,1.0,1.0,4.074999999999999,0.18743643862037246,0.0,-0.7071067811865476,0.0,0.0,5.0,0.0,0.0,2022-06-30,0.0
990002,35,2,1,0,4,0,4,Data Scientist,2.117808219178082,1.3748320708027826,0.0,0.0,0.9918577117154925,4,2.117808219178082,1,1,2,3,1.4551023676182322,0.0,0.7071067811865476,0.9706820901475868,2.117808219178082,0.9881,0.4931506849315068,1.0,0.4931506849315068,0.4931506849315068,0.0,1.0,19,3.1052631578947367,1,1.0,1.0,4.275,0.5403127712313068,0.0,0.7071067811865476,0.5006261743217624,0.0,0.0,0.0,8.016643112499974,2022-06-30,0.0
990003,29,2,2,0,1,1,2,Data Scientist,1.3424657534246576,0.586123495904046,0.0,1.1106421923495637,0.01609039161531509,6,1.3424657534246576,1,1,3,3,-0.3652652506880468,0.0,-0.5606247349054791,0.62193276758108,1.3424657534246576,0.9862,0.4931506849315068,1.0,0.4931506849315068,0.4931506849315068,0.0,1.0,20,3.05,0,1.0,1.0,4.3,0.4027889425671849,0.0,0.41478067789216855,0.6508140266182868,0.0,0.0,0.0,585.5181984900419,2022-06-30,0.0
990004,25,1,2,0,0,0,1,Operations,1.0657534246575342,0.10727981344799639,0.0,1.0632506409045412,0.0,4,1.0657534246575342,1,1,3,1,-0.6155923413902522,0.0,-0.41171451785906643,0.13227745000000002,0.07945205479452055,1.1338626384300001,1.0657534246575342,0.0,1.0657534246575342,1.0657534246575342,0.0,1.0,14,3.357142857142857,3,1.0,1.0,4.85,0.9444491529652915,0.0,0.6450859486177279,0.0,6.0,0.0,0.0,678.8924358516423,2022-06-30,0.0
990005,27,1,2,0,1,0,1,Data Engineer,0.6383561643835617,-0.5093946018947889,0.0,-0.14159512167009577,0.7071067811865476,6,0.6383561643835617,1,1,3,2,-0.43037119649924876,0.0,1.1401315049826168,0.0,0.6383561643835617,0.9814,0.6383561643835617,0.0,0.6383561643835617,0.6383561643835617,0.0,1.0,14,2.857142857142857,0,1.0,1.0,4.6,0.6899256144962672,0.0,0.5068532453425005,0.7071067811865476,0.0,7.0,0.0,0.0,2022-06-30,0.0
990006,28,1,2,0,0,0,2,Software Development,0.6383561643835617,-0.5093946018947889,0.0,-0.28172387318135267,0.0,6,0.6383561643835617,1,1,3,1,2.0130703617855135,0.0,1.1545405584641715,15.482096933728984,0.6383561643835617,9.802,0.40821917808219177,1.0,0.40821917808219177,0.40821917808219177,0.0,1.0,20,2.95,3,1.0,1.0,4.5,0.5942133905199067,0.0,0.7258661863112964,0.0,0.0,0.0,0.0,8.016643112499974,2022-06-30,0.0
990007,24,1,2,0,0,0,1,Sales,0.36164383561643837,-0.7410559421253891,0.0,-0.9216555192344443,0.0,4,0.36164383561643837,1,1,3,1,-0.6948319359054431,0.0,-0.7284169871235496,0.0,0.36164383561643837,1.0092,0.36164383561643837,0.0,0.36164383561643837,0.36164383561643837,0.0,1.0,6,2.8333333333333335,5,1.0,1.0,1.6,-1.3397999611833202,0.0,-1.1519391939602284,0.0,0.0,7.0,0.0,585.5181984900419,2022-06-30,0.0
990008,31,1,1,0,0,0,2,Marketing,0.36164383561643837,-0.7410559421253891,0.0,-0.8289183191682109,0.0,4,0.36164383561643837,1,1,3,1,-0.1446780903225367,0.0,-0.5939158235586924,0.0,0.36164383561643837,0.9925,0.36164383561643837,0.0,0.36164383561643837,0.36164383561643837,0.0,0.0,12,3.5833333333333335,0,1.0,1.0,3.3,-0.14496196301327718,0.0,-1.140646864203469,0.0,0.0,0.0,0.0,678.8924358516423,2022-06-30,0.0
990009,23,1,2,0,2,0,0,Data Scientist,0.5287671232876713,-0.6799032552486932,0.0,0.0,-1.0079481033308078,6,0.5287671232876713,1,1,2,3,-0.554638463270381,0.0,0.7071067811865476,0.0,0.5287671232876713,1.0033,0.5287671232876713,0.0,0.5287671232876713,0.5287671232876713,0.0,1.0,16,2.75,2,1.0,1.0,4.0,0.1156522706381025,0.0,0.7071067811865476,-1.1514402009400437,0.0,5.0,0.0,0.0,2022-06-30,0.0
990010,21,1,2,0,1,0,0,Data Engineer,0.5287671232876713,-0.6799032552486932,0.0,0.0,-0.7071067811865476,6,0.5287671232876713,1,1,2,2,-0.5568272249258601,0.0,-0.7071067811865476,0.0,0.5287671232876713,0.9864,0.5287671232876713,0.0,0.5287671232876713,0.5287671232876713,0.0,1.0,10,3.3,1,1.0,1.0,1.8,-1.990016656841836,0.0,-0.7071067811865475,-0.7071067811865475,1.0,0.0,0.0,8.016643112499974,2022-06-30,0.0
990001,35,2,2,0,0,1,4,Business Development,2.202739726027397,1.7924722183829185,0.0,0.0,0.0,6,2.202739726027397,1,1,2,1,-0.10596822640197699,0.0,-0.7071067811865476,1.3560961139127856,2.202739726027397,0.9928,0.5780821917808219,1.0,0.5780821917808219,0.5780821917808219,0.0,1.0,18,3.2777777777777777,0,1.0,1.0,4.074999999999999,0.18743643862037246,0.0,-0.7071067811865476,0.0,3.0,5.0,0.0,0.0,2022-07-31,0.0
990002,35,2,1,0,4,0,4,Data Scientist,2.202739726027397,1.588359398890955,0.0,0.0,0.9918577117154925,5,2.202739726027397,1,1,2,3,1.7278141600717816,0.0,0.7071067811865476,0.9706820901475868,2.202739726027397,0.9881,0.5780821917808219,1.0,0.5780821917808219,0.5780821917808219,0.0,1.0,19,3.1052631578947367,1,1.0,1.0,4.275,0.7371222817381462,0.0,0.7071067811865476,0.5006261743217624,0.0,0.0,0.0,8.016643112499974,2022-07-31,0.0
990003,29,2,2,0,1,1,2,Data Scientist,1.4273972602739726,0.5861234959040461,0.0,1.330901861314906,0.01609039161531509,6,1.4273972602739726,1,1,4,3,-0.3652652506880468,0.0,-0.4652863836117054,0.62193276758108,1.4273972602739726,0.9862,0.5780821917808219,1.0,0.5780821917808219,0.5780821917808219,0.0,1.0,20,3.05,0,1.0,1.0,4.3,0.4027889425671849,0.0,0.61184338813639,0.6508140266182868,0.0,0.0,0.0,585.5181984900419,2022-07-31,0.0
990004,25,1,2,0,0,0,1,Operations,1.1506849315068493,0.3385028227144659,0.0,1.0632506409045412,0.0,5,1.1506849315068493,1,1,3,1,-0.6370276202112573,0.0,-0.41171451785906643,0.13227745000000002,0.1643835616438356,1.1338626384300001,1.1506849315068493,0.0,1.1506849315068493,1.1506849315068493,0.0,1.0,14,3.357142857142857,3,1.0,1.0,4.85,1.0254524259554478,0.0,0.6450859486177279,0.0,0.0,0.0,0.0,678.8924358516423,2022-07-31,0.0
990005,27,1,2,0,1,0,1,Data Engineer,0.7232876712328767,-0.5093946018947887,0.0,-0.14159512167009577,0.7071067811865476,6,0.7232876712328767,1,1,3,2,-0.43037119649924876,0.0,1.1401315049826168,0.0,0.7232876712328767,0.9814,0.7232876712328767,0.0,0.7232876712328767,0.7232876712328767,0.0,1.0,14,2.857142857142857,0,1.0,1.0,4.6,0.6899256144962672,0.0,0.5068532453425005,0.7071067811865476,0.0,0.0,0.0,0.0,2022-07-31,0.0
990006,28,1,2,0,0,0,2,Software Development,0.7232876712328767,-0.5093946018947887,0.0,0.09386107159363721,0.0,6,0.7232876712328767,1,1,4,1,2.0130703617855135,0.0,1.4994593325105718,15.482096933728984,0.7232876712328767,9.802,0.4931506849315068,1.0,0.4931506849315068,0.4931506849315068,0.0,1.0,20,2.95,3,1.0,1.0,4.5,0.5942133905199067,0.0,0.7078188215695495,0.0,1.0,0.0,0.0,8.016643112499974,2022-07-31,0.0
990007,24,1,2,0,0,0,1,Sales,0.4465753424657534,-0.49798972957031984,0.0,-0.9216555192344443,0.7071067811865477,5,0.4465753424657534,1,1,3,2,-0.7275233861718214,0.0,-0.7284169871235496,0.0,0.4465753424657534,1.0092,0.4465753424657534,0.0,0.4465753424657534,0.4465753424657534,0.0,1.0,6,2.8333333333333335,5,1.0,1.0,1.6,-0.6042396935336499,0.0,-1.1519391939602284,0.7071067811865475,0.0,0.0,0.0,585.5181984900419,2022-07-31,0.0
990008,31,1,1,0,0,0,2,Marketing,0.4465753424657534,-0.49798972957031984,0.0,-0.39229114537853454,0.0,5,0.4465753424657534,1,1,4,1,-0.09921888818968563,0.0,-0.5034217890267395,0.0,0.4465753424657534,0.9925,0.4465753424657534,0.0,0.4465753424657534,0.4465753424657534,0.0,0.0,12,3.5833333333333335,0,1.0,1.0,3.3,0.2482146458914165,0.0,0.13196622097059374,0.0,0.0,0.0,0.0,678.8924358516423,2022-07-31,0.0
990009,23,1,2,0,2,0,0,Data Scientist,0.6136986301369863,-0.6799032552486929,0.0,0.0,-1.0079481033308078,6,0.6136986301369863,1,1,2,3,-0.554638463270381,0.0,0.7071067811865476,0.0,0.6136986301369863,1.0033,0.6136986301369863,0.0,0.6136986301369863,0.6136986301369863,0.0,1.0,16,2.75,2,1.0,1.0,4.0,0.1156522706381025,0.0,0.7071067811865476,-1.1514402009400437,0.0,0.0,0.0,0.0,2022-07-31,0.0
990010,21,1,2,0,1,0,0,Data Engineer,0.6136986301369863,-0.6799032552486929,0.0,0.0,-0.7071067811865476,6,0.6136986301369863,1,1,2,2,-0.5568272249258601,0.0,-0.7071067811865476,0.0,0.6136986301369863,0.9864,0.6136986301369863,0.0,0.6136986301369863,0.6136986301369863,0.0,1.0,10,3.3,1,1.0,1.0,1.8,-1.990016656841836,0.0,-0.7071067811865475,-0.7071067811865475,1.0,0.0,0.0,8.016643112499974,2022-07-31,0.0
990014,32,1,1,0,0,1,2,Sales,0.0821917808219178,-0.9308827624647811,0.0,-1.0324717875300082,-0.7071067811865475,5,0.0821917808219178,1,1,4,2,-0.2640442654990165,0.0,-0.5307511598721271,0.0,0.0821917808219178,0.9886,0.0821917808219178,0.0,0.0821917808219178,0.0821917808219178,0.0,0.0,10,2.8,4,1.0,1.0,0.0,-1.4065496600513598,0.0,-1.4516284306765341,-0.7071067811865475,0.0,0.0,0.0,8.016643112499974,2022-07-31,0.0
990001,35,2,2,0,0,1,4,Business Development,2.287671232876712,1.7924722183829185,0.0,0.0,0.0,6,2.287671232876712,1,1,2,1,-0.10596822640197699,0.0,-0.7071067811865476,1.3560961139127856,2.287671232876712,0.9928,0.663013698630137,1.0,0.663013698630137,0.663013698630137,0.0,1.0,18,3.2777777777777777,0,1.0,1.0,4.074999999999999,0.18743643862037246,0.0,-0.7071067811865476,0.0,3.0,0.0,0.0,0.0,2022-08-31,0.0
990002,35,2,1,0,4,0,4,Data Scientist,2.287671232876712,1.5883593988909552,0.0,0.0,0.9918577117154928,5,2.287671232876712,1,1,2,3,1.7278141600717816,0.0,0.7071067811865476,0.9706820901475868,2.287671232876712,0.9881,0.663013698630137,1.0,0.663013698630137,0.663013698630137,0.0,1.0,19,3.1052631578947367,1,1.0,1.0,4.275,0.7371222817381462,0.0,0.7071067811865476,0.5006261743217624,7.0,0.0,0.0,8.016643112499974,2022-08-31,0.0
990003,29,2,2,0,1,1,2,Data Scientist,1.5123287671232877,0.5861234959040461,0.0,1.330901861314906,0.016090391615315367,6,1.5123287671232877,1,1,4,3,-0.3652652506880468,0.0,-0.4652863836117054,0.62193276758108,1.5123287671232877,0.9862,0.663013698630137,1.0,0.663013698630137,0.663013698630137,0.0,1.0,20,3.05,0,1.0,1.0,4.3,0.4027889425671849,0.0,0.61184338813639,0.6508140266182868,4.0,0.0,0.0,585.5181984900419,2022-08-31,0.0
990004,25,1,2,0,0,0,1,Operations,1.2356164383561643,0.3385028227144661,0.0,1.0632506409045412,0.0,5,1.2356164383561643,1,1,3,1,-0.6370276202112573,0.0,-0.41171451785906643,0.13227745000000002,0.2493150684931507,1.1338626384300001,1.2356164383561643,0.0,1.2356164383561643,1.2356164383561643,0.0,1.0,14,3.357142857142857,3,1.0,1.0,4.85,1.0254524259554478,0.0,0.6450859486177279,0.0,6.0,0.0,0.0,678.8924358516423,2022-08-31,0.3333333333333333
990005,27,1,2,0,1,0,1,Data Engineer,0.8082191780821918,-0.5093946018947887,0.0,-0.14159512167009577,0.7071067811865476,6,0.8082191780821918,1,1,3,2,-0.43037119649924876,0.0,1.1401315049826168,0.0,0.8082191780821918,0.9814,0.8082191780821918,0.0,0.8082191780821918,0.8082191780821918,0.0,1.0,14,2.857142857142857,0,1.0,1.0,4.6,0.6899256144962672,0.0,0.5068532453425005,0.7071067811865476,0.0,0.0,0.0,0.0,2022-08-31,0.0
990006,28,1,2,0,0,0,2,Software Development,0.8082191780821918,-0.5093946018947887,0.0,0.09386107159363721,0.0,6,0.8082191780821918,1,1,4,1,2.0130703617855135,0.0,1.4994593325105718,15.482096933728984,0.8082191780821918,9.802,0.5780821917808219,1.0,0.5780821917808219,0.5780821917808219,0.0,1.0,20,2.95,3,1.0,1.0,4.5,0.5942133905199067,0.0,0.7078188215695495,0.0,1.0,0.0,0.0,8.016643112499974,2022-08-31,0.0
990007,24,1,2,0,0,0,1,Sales,0.5315068493150685,-0.4979897295703197,0.0,-0.9216555192344442,0.7071067811865476,5,0.5315068493150685,1,1,3,2,-0.7275233861718214,0.0,-0.7284169871235496,0.0,0.5315068493150685,1.0092,0.5315068493150685,0.0,0.5315068493150685,0.5315068493150685,0.0,1.0,6,2.8333333333333335,5,1.0,1.0,1.6,-0.6042396935336499,0.0,-1.1519391939602284,0.7071067811865475,0.0,0.0,0.0,585.5181984900419,2022-08-31,0.0
990008,31,1,1,0,0,0,2,Marketing,0.5315068493150685,-0.4979897295703197,0.0,-0.3922911453785345,0.0,5,0.5315068493150685,1,1,4,1,-0.09921888818968563,0.0,-0.5034217890267395,0.0,0.5315068493150685,0.9925,0.5315068493150685,0.0,0.5315068493150685,0.5315068493150685,0.0,0.0,12,3.5833333333333335,0,1.0,1.0,3.3,0.2482146458914165,0.0,0.13196622097059374,0.0,0.0,0.0,0.0,678.8924358516423,2022-08-31,0.0
990009,23,1,2,0,2,0,0,Data Scientist,0.6986301369863014,-0.6799032552486929,0.0,0.0,-1.0079481033308075,6,0.6986301369863014,1,1,2,3,-0.554638463270381,0.0,0.7071067811865476,0.0,0.6986301369863014,1.0033,0.6986301369863014,0.0,0.6986301369863014,0.6986301369863014,0.0,1.0,16,2.75,2,1.0,1.0,4.0,0.1156522706381025,0.0,0.7071067811865476,-1.1514402009400437,2.0,0.0,0.0,0.0,2022-08-31,0.0
990010,21,1,2,0,1,0,0,Data Engineer,0.6986301369863014,-0.6799032552486929,0.0,0.0,-0.7071067811865476,6,0.6986301369863014,1,1,2,2,-0.5568272249258601,0.0,-0.7071067811865476,0.0,0.6986301369863014,0.9864,0.6986301369863014,0.0,0.6986301369863014,0.6986301369863014,0.0,1.0,10,3.3,1,1.0,1.0,1.8,-1.990016656841836,0.0,-0.7071067811865475,-0.7071067811865475,1.0,0.0,0.0,8.016643112499974,2022-08-31,0.0
990014,32,1,1,0,0,1,2,Sales,0.16712328767123288,-0.9308827624647809,0.0,-1.0324717875300082,-0.7071067811865475,5,0.16712328767123288,1,1,4,2,-0.2640442654990165,0.0,-0.5307511598721271,0.0,0.16712328767123288,0.9886,0.16712328767123288,0.0,0.16712328767123288,0.16712328767123288,0.0,0.0,10,2.8,4,1.0,1.0,0.0,-1.4065496600513598,0.0,-1.4516284306765341,-0.7071067811865475,0.0,0.0,0.0,8.016643112499974,2022-08-31,0.0
990001,35,2,2,0,0,1,4,Business Development,2.3698630136986303,1.792472218382918,0.0,0.0,0.0,6,2.3698630136986303,1,1,2,1,-0.10596822640197699,0.0,-0.7071067811865476,1.3560961139127856,2.3698630136986303,0.9928,0.7452054794520548,1.0,0.7452054794520548,0.7452054794520548,0.0,1.0,18,3.2777777777777777,0,1.0,1.0,4.074999999999999,0.18743643862037246,0.0,-0.7071067811865476,0.0,3.0,0.0,0.0,0.0,2022-09-30,0.0
990002,35,2,1,0,4,0,4,Data Scientist,2.3698630136986303,1.5883593988909552,0.0,0.0,0.9918577117154926,5,2.3698630136986303,1,1,2,3,1.7278141600717816,0.0,0.7071067811865476,0.9706820901475868,2.3698630136986303,0.9881,0.7452054794520548,1.0,0.7452054794520548,0.7452054794520548,0.0,1.0,19,3.1052631578947367,1,1.0,1.0,4.275,0.7371222817381462,0.0,0.7071067811865476,0.5006261743217624,7.0,0.0,0.0,8.016643112499974,2022-09-30,0.0
990003,29,2,2,0,1,1,2,Data Scientist,1.5945205479452054,0.5861234959040453,0.0,1.3309018613149057,0.016090391615314805,6,1.5945205479452054,1,1,4,3,-0.3652652506880468,0.0,-0.4652863836117054,0.62193276758108,1.5945205479452054,0.9862,0.7452054794520548,1.0,0.7452054794520548,0.7452054794520548,0.0,1.0,20,3.05,0,1.0,1.0,4.3,0.4027889425671849,0.0,0.61184338813639,0.6508140266182868,4.0,0.0,0.0,585.5181984900419,2022-09-30,0.0
990004,25,1,2,0,0,0,1,Operations,1.3178082191780822,0.33850282271446575,0.0,1.0632506409045408,0.0,5,1.3178082191780822,1,1,3,1,-0.6370276202112573,0.0,-0.41171451785906643,0.13227745000000002,0.3315068493150685,1.1338626384300001,1.3178082191780822,0.0,1.3178082191780822,1.3178082191780822,0.0,1.0,14,3.357142857142857,3,1.0,1.0,4.85,1.0254524259554478,0.0,0.6450859486177279,0.0,6.0,0.0,0.0,678.8924358516423,2022-09-30,0.6666666666666666
990005,27,1,2,0,1,0,1,Data Engineer,0.8904109589041096,-0.5093946018947891,0.0,-0.14159512167009639,0.7071067811865476,6,0.8904109589041096,1,1,3,2,-0.43037119649924876,0.0,1.1401315049826168,0.0,0.8904109589041096,0.9814,0.8904109589041096,0.0,0.8904109589041096,0.8904109589041096,0.0,1.0,14,2.857142857142857,0,1.0,1.0,4.6,0.6899256144962672,0.0,0.5068532453425005,0.7071067811865476,4.0,0.0,0.0,0.0,2022-09-30,0.0
990006,28,1,2,0,0,0,2,Software Development,0.8904109589041096,-0.5093946018947891,0.0,0.09386107159363705,0.0,6,0.8904109589041096,1,1,4,1,2.0130703617855135,0.0,1.4994593325105718,15.482096933728984,0.8904109589041096,9.802,0.6602739726027397,1.0,0.6602739726027397,0.6602739726027397,0.0,1.0,20,2.95,3,1.0,1.0,4.5,0.5942133905199067,0.0,0.7078188215695495,0.0,1.0,0.0,0.0,8.016643112499974,2022-09-30,0.0
990007,24,1,2,0,0,0,1,Sales,0.6136986301369863,-0.49798972957032,0.0,-0.9216555192344447,0.7071067811865476,5,0.6136986301369863,1,1,3,2,-0.7275233861718214,0.0,-0.7284169871235496,0.0,0.6136986301369863,1.0092,0.6136986301369863,0.0,0.6136986301369863,0.6136986301369863,0.0,1.0,6,2.8333333333333335,5,1.0,1.0,1.6,-0.6042396935336499,0.0,-1.1519391939602284,0.7071067811865475,4.0,0.0,0.0,585.5181984900419,2022-09-30,0.0
990008,31,1,1,0,0,0,2,Marketing,0.6136986301369863,-0.49798972957032,0.0,-0.39229114537853477,0.0,5,0.6136986301369863,1,1,4,1,-0.09921888818968563,0.0,-0.5034217890267395,0.0,0.6136986301369863,0.9925,0.6136986301369863,0.0,0.6136986301369863,0.6136986301369863,0.0,0.0,12,3.5833333333333335,0,1.0,1.0,3.3,0.2482146458914165,0.0,0.13196622097059374,0.0,2.0,0.0,0.0,678.8924358516423,2022-09-30,0.0
990009,23,1,2,0,2,0,0,Data Scientist,0.7808219178082192,-0.6799032552486933,0.0,0.0,-1.0079481033308078,6,0.7808219178082192,1,1,2,3,-0.554638463270381,0.0,0.7071067811865476,0.0,0.7808219178082192,1.0033,0.7808219178082192,0.0,0.7808219178082192,0.7808219178082192,0.0,1.0,16,2.75,2,1.0,1.0,4.0,0.1156522706381025,0.0,0.7071067811865476,-1.1514402009400437,4.0,0.0,0.0,0.0,2022-09-30,0.0
990010,21,1,2,0,1,0,0,Data Engineer,0.7808219178082192,-0.6799032552486933,0.0,0.0,-0.7071067811865476,6,0.7808219178082192,1,1,2,2,-0.5568272249258601,0.0,-0.7071067811865476,0.0,0.7808219178082192,0.9864,0.7808219178082192,0.0,0.7808219178082192,0.7808219178082192,0.0,1.0,10,3.3,1,1.0,1.0,1.8,-1.990016656841836,0.0,-0.7071067811865475,-0.7071067811865475,1.0,0.0,0.0,8.016643112499974,2022-09-30,0.0
990014,32,1,1,0,0,1,2,Sales,0.2493150684931507,-0.9308827624647812,0.0,-1.0324717875300087,-0.7071067811865475,5,0.2493150684931507,1,1,4,2,-0.2640442654990165,0.0,-0.5307511598721271,0.0,0.2493150684931507,0.9886,0.2493150684931507,0.0,0.2493150684931507,0.2493150684931507,0.0,0.0,10,2.8,4,1.0,1.0,0.0,-1.4065496600513598,0.0,-1.4516284306765341,-0.7071067811865475,0.0,0.0,0.0,8.016643112499974,2022-09-30,0.0
990001,35,2,2,0,0,1,4,Business Development,2.4547945205479453,1.7924722183829185,0.0,0.0,0.0,6,2.4547945205479453,1,1,2,1,-0.10778937007923314,0.0,-0.7071067811865476,1.3560961139127856,2.4547945205479453,0.9928,0.8301369863013699,1.0,0.8301369863013699,0.8301369863013699,0.0,1.0,18,3.2777777777777777,0,1.0,1.0,4.074999999999999,0.18743643862037246,0.0,-0.7071067811865476,0.0,4.0,0.0,0.0,0.0,2022-10-31,0.0
990002,35,2,1,0,4,0,4,Data Scientist,2.4547945205479453,1.475505534251236,0.0,0.0,0.9918577117154926,4,2.4547945205479453,1,1,2,3,1.45370933090253,0.0,0.7071067811865476,0.9706820901475868,2.4547945205479453,0.9881,0.8301369863013699,1.0,0.8301369863013699,0.8301369863013699,0.0,1.0,19,3.1052631578947367,1,1.0,1.0,4.275,1.0500373568283812,0.0,0.7071067811865476,0.5006261743217624,7.0,0.0,0.0,8.016643112499974,2022-10-31,0.0
990003,29,2,2,0,1,1,2,Data Scientist,1.6794520547945206,0.586123495904046,0.0,1.3309018613149057,0.016090391615315086,6,1.6794520547945206,1,1,4,3,-0.3673780304113141,0.0,-0.4652863836117054,0.62193276758108,1.6794520547945206,0.9862,0.8301369863013699,1.0,0.8301369863013699,0.8301369863013699,0.0,1.0,20,3.05,0,1.0,1.0,4.3,0.4027889425671849,0.0,0.61184338813639,0.6508140266182868,4.0,0.0,0.0,585.5181984900419,2022-10-31,0.0
990005,27,1,2,0,1,0,1,Data Engineer,0.9753424657534246,-0.5093946018947888,0.0,0.7071067811865472,0.7071067811865476,6,0.9753424657534246,1,1,2,2,-0.4325572020555562,0.0,0.7071067811865477,0.0,0.9753424657534246,0.9814,0.9753424657534246,0.0,0.9753424657534246,0.9753424657534246,0.0,1.0,14,2.857142857142857,0,1.0,1.0,4.6,0.6899256144962672,0.0,0.7071067811865477,0.7071067811865476,4.0,0.0,0.0,0.0,2022-10-31,0.0
990006,28,1,2,0,0,0,2,Software Development,0.9753424657534246,-0.5093946018947888,0.0,0.093861071593637,0.0,6,0.9753424657534246,1,1,4,1,2.013632539077349,0.0,1.4994593325105718,15.482096933728984,0.9753424657534246,9.802,0.7452054794520548,1.0,0.7452054794520548,0.7452054794520548,0.0,1.0,20,2.95,3,1.0,1.0,4.5,0.5942133905199067,0.0,0.7078188215695495,0.0,0.0,0.0,0.0,8.016643112499974,2022-10-31,0.0
990007,24,1,2,0,0,0,1,Sales,0.6986301369863014,-0.3645704335601304,0.0,-0.7071067811865479,0.7071067811865475,4,0.6986301369863014,1,1,2,2,-0.8218512774646074,0.0,-0.7071067811865474,0.0,0.6986301369863014,1.0092,0.6986301369863014,0.0,0.6986301369863014,0.6986301369863014,0.0,1.0,6,2.8333333333333335,5,1.0,1.0,1.6,-0.3676786959241335,0.0,-0.7071067811865476,0.7071067811865475,4.0,0.0,0.0,585.5181984900419,2022-10-31,0.0
990008,31,1,1,0,0,0,2,Marketing,0.6986301369863014,-0.3645704335601304,0.0,-0.3922911453785346,0.0,4,0.6986301369863014,1,1,4,1,-0.2395504985532147,0.0,-0.5034217890267395,0.0,0.6986301369863014,0.9925,0.6986301369863014,0.0,0.6986301369863014,0.6986301369863014,0.0,0.0,12,3.5833333333333335,0,1.0,1.0,3.3,0.5332997301241933,0.0,0.13196622097059374,0.0,2.0,0.0,0.0,678.8924358516423,2022-10-31,0.0
990009,23,1,2,0,2,0,0,Data Scientist,0.8657534246575342,-0.679903255248693,0.0,0.0,-1.0079481033308078,6,0.8657534246575342,1,1,2,3,-0.5467524786701631,0.0,0.7071067811865488,0.07850000000000003,0.07397260273972603,1.08205905,0.8657534246575342,0.0,0.8657534246575342,0.8657534246575342,0.0,1.0,16,2.75,2,1.0,1.0,4.0,0.1156522706381025,0.0,0.7071067811865476,-1.1514402009400437,4.0,0.0,0.0,0.0,2022-10-31,0.0
990010,21,1,2,0,1,0,0,Data Engineer,0.8657534246575342,-0.679903255248693,0.0,0.0,-0.7071067811865476,6,0.8657534246575342,1,1,2,2,-0.5591554578610823,0.0,-0.7071067811865461,0.0,0.8657534246575342,0.9864,0.8657534246575342,0.0,0.8657534246575342,0.8657534246575342,0.0,1.0,10,3.3,1,1.0,1.0,1.8,-1.990016656841836,0.0,-0.7071067811865475,-0.7071067811865475,0.0,0.0,0.0,8.016643112499974,2022-10-31,0.0
990014,32,1,1,0,0,1,2,Sales,0.33424657534246577,-0.7463646671309756,0.0,-1.0324717875300082,-0.7071067811865477,4,0.33424657534246577,1,1,4,2,-0.3923075548847077,0.0,-0.5307511598721271,0.0,0.33424657534246577,0.9886,0.33424657534246577,0.0,0.33424657534246577,0.33424657534246577,0.0,0.0,10,2.8,4,1.0,1.0,0.0,-1.2156583910284413,0.0,-1.4516284306765341,-0.7071067811865475,0.0,0.0,0.0,8.016643112499974,2022-10-31,0.0
990001,35,2,2,0,0,1,4,Business Development,2.536986301369863,1.8194508412797914,0.0,0.0,0.0,8,2.536986301369863,1,1,2,1,0.03610005439167687,0.0,-0.7071067811865476,1.3560961139127856,2.536986301369863,0.9928,0.9123287671232877,1.0,0.9123287671232877,0.9123287671232877,0.0,1.0,18,3.2777777777777777,0,1.0,1.0,4.074999999999999,0.5825013414581073,0.0,-0.7071067811865476,0.0,4.0,0.0,0.0,0.0,2022-11-30,0.0
990002,35,2,1,0,4,0,4,Data Scientist,2.536986301369863,1.475505534251236,0.0,0.0,1.1402663280527812,4,2.536986301369863,1,1,2,4,1.45370933090253,0.0,0.7071067811865476,0.9706820901475868,2.536986301369863,0.9881,0.9123287671232877,1.0,0.9123287671232877,0.9123287671232877,0.0,1.0,19,3.1052631578947367,1,1.0,1.0,4.275,1.0500373568283812,0.0,0.7071067811865476,0.5386300465511913,0.0,0.0,0.0,8.016643112499974,2022-11-30,0.0
990003,29,2,2,0,1,1,2,Data Scientist,1.7616438356164383,0.8652611946137159,0.0,1.330901861314906,0.4068677579642878,8,1.7616438356164383,1,1,4,4,-0.2576013776084092,0.0,-0.4652863836117054,0.62193276758108,1.7616438356164383,0.9862,0.9123287671232877,1.0,0.9123287671232877,0.9123287671232877,0.0,1.0,20,3.05,0,1.0,1.0,4.3,0.694941278683265,0.0,0.61184338813639,0.5505334729943113,0.0,0.0,0.0,585.5181984900419,2022-11-30,0.0
990005,27,1,2,0,1,0,1,Data Engineer,1.0575342465753426,-0.001264385574204073,0.0,0.7071067811865476,0.6765775461901025,8,1.0575342465753426,1,1,2,3,-0.33134580089717763,0.0,0.7071067811865477,0.0,1.0575342465753426,0.9814,1.0575342465753426,0.0,1.0575342465753426,1.0575342465753426,0.0,1.0,14,2.857142857142857,0,1.0,1.0,4.6,0.844861194983475,0.0,0.7071067811865477,1.064115020804644,8.0,0.0,0.0,0.0,2022-11-30,0.0
990006,28,1,2,0,0,0,2,Software Development,1.0575342465753426,-0.001264385574204073,0.0,0.09386107159363742,0.0,8,1.0575342465753426,1,1,4,1,2.4362998620357548,0.0,1.4994593325105718,15.482096933728984,1.0575342465753426,9.802,0.8273972602739726,1.0,0.8273972602739726,0.8273972602739726,0.0,1.0,20,2.95,3,1.0,1.0,4.5,0.7948878895500718,0.0,0.7078188215695495,0.0,1.0,0.0,0.0,8.016643112499974,2022-11-30,0.0
990007,24,1,2,0,0,0,1,Sales,0.7808219178082192,-0.3645704335601303,0.0,-0.7071067811865476,0.7071067811865475,4,0.7808219178082192,1,1,2,2,-0.8218512774646074,0.0,-0.7071067811865474,0.0,0.7808219178082192,1.0092,0.7808219178082192,0.0,0.7808219178082192,0.7808219178082192,0.0,1.0,6,2.8333333333333335,5,1.0,1.0,1.6,-0.3676786959241335,0.0,-0.7071067811865476,0.7071067811865475,12.0,0.0,0.0,585.5181984900419,2022-11-30,0.0
990008,31,1,1,0,0,0,2,Marketing,0.7808219178082192,-0.3645704335601303,0.0,-0.3922911453785345,0.0,4,0.7808219178082192,1,1,4,1,-0.2395504985532147,0.0,-0.5034217890267395,0.0,0.7808219178082192,0.9925,0.7808219178082192,0.0,0.7808219178082192,0.7808219178082192,0.0,0.0,12,3.5833333333333335,0,1.0,1.0,3.3,0.5332997301241933,0.0,0.13196622097059374,0.0,2.0,0.0,0.0,678.8924358516423,2022-11-30,0.0
990009,23,1,2,0,2,0,0,Data Scientist,0.947945205479452,-0.13613218015598164,0.7071067811865474,0.8660254037844386,-0.3628120134713396,8,0.947945205479452,1,2,4,4,-0.4605475781491212,0.707106781186549,1.4956710648288707,0.07850000000000003,0.15616438356164383,1.08205905,0.947945205479452,0.0,0.947945205479452,0.947945205479452,0.0,1.0,16,2.75,2,0.9808917197452228,0.9808917197452228,4.0,0.5450213623830551,0.7071067811865475,1.3421052631578947,0.40769235567686846,2.0,0.0,0.0,0.0,2022-11-30,0.0
990010,21,1,2,0,1,0,0,Data Engineer,0.947945205479452,-0.13613218015598164,0.7071067811865474,0.8660254037844386,0.47207047933163304,8,0.947945205479452,1,2,4,3,-0.47458044362475565,0.7071067811865476,-0.5389694763458118,0.0,0.947945205479452,0.9864,0.947945205479452,0.0,0.947945205479452,0.947945205479452,0.0,1.0,10,3.3,1,1.0327169274537695,1.0327169274537695,1.8,-0.5543913571518184,0.7071067811865476,0.18421052631578952,-0.14379932713576268,2.0,0.0,0.0,8.016643112499974,2022-11-30,0.0
990011,20,1,2,0,0,0,0,Data Engineer,0.07945205479452055,-1.2049594522165679,-0.7071067811865476,-0.8660254037844388,-1.148648025521736,8,0.07945205479452055,1,2,4,3,-0.47475647964613327,-0.7071067811865476,-0.5644931319686685,0.0,0.07945205479452055,0.9852,0.07945205479452055,0.0,0.07945205479452055,0.07945205479452055,0.0,0.0,11,3.090909090909091,0,0.9672830725462305,0.9672830725462305,0.0,-1.4539108549530786,-0.7071067811865476,-0.7631578947368421,-0.9203156936688813,0.0,0.0,0.0,585.5181984900419,2022-11-30,0.0
990012,27,1,2,0,1,0,0,Data Scientist,0.07945205479452055,-1.2049594522165679,-0.7071067811865476,-0.8660254037844388,-1.1843220725457297,8,0.07945205479452055,1,2,4,4,-0.47356823650183444,-0.7071067811865461,-0.3922084565143865,0.0,0.07945205479452055,0.9933,0.07945205479452055,0.0,0.07945205479452055,0.07945205479452055,0.0,0.0,14,2.857142857142857,3,1.019108280254777,1.019108280254777,0.0,-1.4539108549530786,-0.7071067811865475,-0.7631578947368421,-1.4968558752223706,0.0,0.0,0.0,0.0,2022-11-30,0.0
990014,32,1,1,0,0,1,2,Sales,0.41643835616438357,-0.7463646671309754,0.0,-1.032471787530008,-0.7071067811865477,4,0.41643835616438357,1,1,4,2,-0.3923075548847077,0.0,-0.5307511598721271,0.0,0.41643835616438357,0.9886,0.41643835616438357,0.0,0.41643835616438357,0.41643835616438357,0.0,0.0,10,2.8,4,1.0,1.0,0.0,-1.2156583910284413,0.0,-1.4516284306765341,-0.7071067811865475,0.0,0.0,0.0,8.016643112499974,2022-11-30,0.0
990001,35,2,2,0,0,1,4,Business Development,2.621917808219178,1.8194508412797914,0.0,0.0,0.0,8,2.621917808219178,1,1,2,1,0.03610005439167687,0.0,-0.7071067811865476,1.3560961139127856,2.621917808219178,0.9928,0.9972602739726028,1.0,0.9972602739726028,0.9972602739726028,0.0,3.0,18,3.2777777777777777,0,1.0,1.0,4.216666666666666,0.626430081755115,0.0,-0.7071067811865476,0.0,4.0,0.0,0.0,0.0,2022-12-31,0.0
990002,35,2,1,0,4,0,4,Data Scientist,2.621917808219178,1.4755055342512362,0.0,0.0,1.1402663280527812,4,2.621917808219178,1,1,2,4,1.45370933090253,0.0,0.7071067811865476,0.9706820901475868,2.621917808219178,0.9881,0.9972602739726028,1.0,0.9972602739726028,0.9972602739726028,0.0,3.0,19,3.1052631578947367,1,1.0,1.0,4.233333333333333,1.3041851388527992,0.0,0.7071067811865476,0.49279205412559307,0.0,0.0,0.0,8.016643112499974,2022-12-31,0.0
990003,29,2,2,0,1,1,2,Data Scientist,1.8465753424657534,0.8652611946137159,0.0,1.3309018613149057,0.4068677579642878,8,1.8465753424657534,1,1,4,4,-0.2576013776084092,0.0,-0.4652863836117054,0.62193276758108,1.8465753424657534,0.9862,0.9972602739726028,1.0,0.9972602739726028,0.9972602739726028,0.0,3.0,20,3.05,0,1.0,1.0,4.36,0.6971527427737436,0.0,0.7935677258542434,0.552381864966556,3.0,0.0,0.0,585.5181984900419,2022-12-31,0.0
990005,27,1,2,0,1,0,1,Data Engineer,1.1424657534246576,-0.001264385574204073,0.0,0.8056864915902626,0.6765775461901026,8,1.1424657534246576,1,1,3,3,-0.33134580089717763,0.0,1.1466088774358911,0.0,1.1424657534246576,0.9814,1.1424657534246576,0.0,1.1424657534246576,1.1424657534246576,0.0,3.0,14,2.857142857142857,0,1.0,1.0,4.65,0.8402427778579447,0.0,1.0715689709136265,1.066245937943916,4.0,0.0,0.0,0.0,2022-12-31,0.0
990006,28,1,2,0,0,0,2,Software Development,1.1424657534246576,-0.001264385574204073,0.0,0.09386107159363705,0.7071067811865476,8,1.1424657534246576,1,1,4,2,2.4362998620357548,0.0,1.4994593325105718,15.482096933728984,1.1424657534246576,9.802,0.9123287671232877,1.0,0.9123287671232877,0.9123287671232877,0.0,1.0,20,2.95,3,1.0,1.0,4.4,0.7168892993370818,0.0,0.8295368012470703,0.7071067811865476,1.0,0.0,0.0,8.016643112499974,2022-12-31,0.0
990007,24,1,2,0,0,0,1,Sales,0.8657534246575342,-0.3645704335601301,0.0,0.3135030098325012,0.7071067811865475,4,0.8657534246575342,1,1,3,2,-0.8218512774646074,0.0,-0.6914825316070433,0.0,0.8657534246575342,1.0092,0.8657534246575342,0.0,0.8657534246575342,0.8657534246575342,0.0,3.0,6,2.8333333333333335,5,1.0,1.0,1.75,-0.9294192943548681,0.0,-0.16321911477492318,-0.7071067811865475,16.0,0.0,0.0,585.5181984900419,2022-12-31,0.3333333333333333
990008,31,1,1,0,0,0,2,Marketing,0.8657534246575342,-0.3645704335601301,0.0,-0.39229114537853493,0.0,4,0.8657534246575342,1,1,4,1,-0.2395504985532147,0.0,-0.5034217890267395,0.0,0.8657534246575342,0.9925,0.8657534246575342,0.0,0.8657534246575342,0.8657534246575342,0.0,2.0,12,3.5833333333333335,0,1.0,1.0,3.05,0.23985014047867562,0.0,-0.38441949326083813,0.0,0.0,0.0,0.0,678.8924358516423,2022-12-31,0.0
990009,23,1,2,0,2,0,0,Data Scientist,1.0328767123287672,-0.1361321801559815,0.7071067811865476,0.8660254037844386,-0.3628120134713395,8,1.0328767123287672,1,2,4,4,-0.4605475781491212,0.707106781186549,1.4956710648288707,0.07850000000000003,0.2410958904109589,1.08205905,1.0328767123287672,0.0,1.0328767123287672,1.0328767123287672,0.0,3.0,16,2.75,2,0.9808917197452228,0.9808917197452228,4.15,0.5935358208162189,0.7071067811865475,1.3533155367582705,0.4535882312039072,0.0,0.0,0.0,0.0,2022-12-31,0.0
990010,21,1,2,0,1,0,0,Data Engineer,1.0328767123287672,-0.1361321801559815,0.7071067811865476,0.8660254037844386,0.4720704793316333,8,1.0328767123287672,1,2,4,3,-0.47458044362475565,0.7071067811865476,-0.5389694763458118,0.0,1.0328767123287672,0.9864,1.0328767123287672,0.0,1.0328767123287672,1.0328767123287672,0.0,3.0,10,3.3,1,1.0327169274537695,1.0327169274537695,1.8,-0.5659868772798924,0.7071067811865476,0.15883985173219134,-0.14927443131214815,2.0,0.0,0.0,8.016643112499974,2022-12-31,0.0
990011,20,1,2,0,0,0,0,Data Engineer,0.1643835616438356,-1.2049594522165679,-0.7071067811865476,-0.8660254037844386,-1.1486480255217355,8,0.1643835616438356,1,2,4,3,-0.47475647964613327,-0.7071067811865476,-0.5644931319686685,0.0,0.1643835616438356,0.9852,0.1643835616438356,0.0,0.1643835616438356,0.1643835616438356,0.0,2.0,11,3.090909090909091,0,0.9672830725462305,0.9672830725462305,0.0,-1.454131922630105,-0.7071067811865476,-0.7560776942452309,-0.9169715066317676,0.0,0.0,0.0,585.5181984900419,2022-12-31,0.0
990012,27,1,2,0,1,0,0,Data Scientist,0.1643835616438356,-1.2049594522165679,-0.7071067811865476,-0.8660254037844386,-1.1843220725457297,8,0.1643835616438356,1,2,4,4,-0.47356823650183444,-0.7071067811865461,-0.3922084565143865,0.0,0.1643835616438356,0.9933,0.1643835616438356,0.0,0.1643835616438356,0.1643835616438356,0.0,2.0,14,2.857142857142857,3,1.019108280254777,1.019108280254777,0.0,-1.454131922630105,-0.7071067811865475,-0.7560776942452309,-1.4987621502960562,4.0,0.0,0.0,0.0,2022-12-31,0.0
990013,29,1,2,0,1,0,1,Software Development,0.06027397260273973,0.0,0.0,-1.1191895014227644,-0.7071067811865476,1,0.06027397260273973,1,1,3,2,0.0,0.0,-0.45512634582884776,0.0,0.06027397260273973,0.9934,0.06027397260273973,0.0,0.06027397260273973,0.06027397260273973,0.0,2.0,6,2.5,0,1.0,1.0,0.0,0.0,0.0,-0.908349856138703,-0.7071067811865476,0.0,0.0,0.0,678.8924358516423,2022-12-31,0.0
990014,32,1,1,0,0,1,2,Sales,0.5013698630136987,-0.7463646671309752,0.0,-1.0324717875300087,-0.7071067811865475,4,0.5013698630136987,1,1,4,2,-0.3923075548847077,0.0,-0.5307511598721271,0.0,0.5013698630136987,0.9886,0.5013698630136987,0.0,0.5013698630136987,0.5013698630136987,0.0,2.0,10,2.8,4,1.0,1.0,2.1,-0.6146159849766062,0.0,-1.238685033840477,0.7071067811865475,0.0,0.0,0.0,8.016643112499974,2022-12-31,0.0
990001,36,2,2,0,0,1,4,Business Development,2.706849315068493,1.8194508412797914,0.0,0.0,0.0,8,2.706849315068493,1,1,2,1,0.01792386453368987,0.0,-0.7071067811865476,1.3560961139127856,2.706849315068493,0.9928,1.082191780821918,1.0,1.082191780821918,1.082191780821918,0.0,3.0,18,3.2777777777777777,0,1.0,1.0,4.216666666666666,0.626430081755115,0.0,-0.7071067811865476,0.0,0.0,0.0,0.0,0.0,2023-01-31,0.0
990002,36,2,1,0,4,0,4,Data Scientist,2.706849315068493,1.475505534251236,0.0,0.0,1.1402663280527812,4,2.706849315068493,1,1,2,4,1.45370933090253,0.0,0.7071067811865476,0.9706820901475868,2.706849315068493,0.9881,1.082191780821918,1.0,1.082191780821918,1.082191780821918,0.0,3.0,19,3.1052631578947367,1,1.0,1.0,4.233333333333333,1.3041851388527992,0.0,0.7071067811865476,0.49279205412559307,0.0,0.0,0.0,8.016643112499974,2023-01-31,0.0
990003,30,2,2,0,1,1,2,Data Scientist,1.9315068493150684,0.8652611946137159,0.0,1.5133402023800604,0.4068677579642878,8,1.9315068493150684,1,1,5,4,-0.27743171821448664,0.0,-0.432322690197552,0.62193276758108,1.9315068493150684,0.9862,1.082191780821918,1.0,1.082191780821918,1.082191780821918,0.0,3.0,20,3.05,0,1.0,1.0,4.36,0.6971527427737436,0.0,0.5909325066989038,0.552381864966556,3.0,0.0,0.0,585.5181984900419,2023-01-31,0.0
990005,28,1,2,0,1,0,2,Data Engineer,1.2273972602739727,-0.001264385574204073,0.0,0.08660347453092082,0.6765775461901024,8,1.2273972602739727,1,1,5,3,-0.2045554093999423,0.0,-0.3726317667245276,0.5077949867536172,1.2273972602739727,0.9865,0.0821917808219178,1.0,0.0821917808219178,0.0821917808219178,0.0,3.0,14,2.857142857142857,0,1.0,1.0,4.65,0.8402427778579447,0.0,0.8553930421042776,1.066245937943916,4.0,0.0,0.0,0.0,2023-01-31,0.0
990006,29,1,2,0,0,0,2,Software Development,1.2273972602739727,-0.001264385574204073,0.0,0.08660347453092082,0.7071067811865476,8,1.2273972602739727,1,1,5,2,2.431641795941563,0.0,1.786602807631906,15.482096933728984,1.2273972602739727,9.802,0.9972602739726028,1.0,0.9972602739726028,0.9972602739726028,0.0,1.0,20,2.95,3,1.0,1.0,4.4,0.7168892993370818,0.0,0.6274098219272313,0.7071067811865476,1.0,0.0,0.0,8.016643112499974,2023-01-31,0.0
990007,25,1,2,0,0,0,1,Sales,0.9506849315068493,-0.3645704335601303,0.0,0.7071067811865476,0.7071067811865475,4,0.9506849315068493,1,1,2,2,-0.8218512774646074,0.0,-0.7071067811865462,0.0,0.9506849315068493,1.0092,0.9506849315068493,0.0,0.9506849315068493,0.9506849315068493,0.0,3.0,6,2.8333333333333335,5,1.0,1.0,1.75,-0.9294192943548681,0.0,0.7071067811865476,-0.7071067811865475,23.0,0.0,0.0,585.5181984900419,2023-01-31,0.6666666666666666
990008,32,1,1,0,0,0,2,Marketing,0.9506849315068493,-0.3645704335601303,0.0,-0.47409850800901365,0.0,4,0.9506849315068493,1,1,5,1,-0.2395504985532147,0.0,-0.4753916852085158,0.0,0.9506849315068493,0.9925,0.9506849315068493,0.0,0.9506849315068493,0.9506849315068493,0.0,2.0,12,3.5833333333333335,0,1.0,1.0,3.05,0.23985014047867562,0.0,-0.6036995670288194,0.0,0.0,0.0,0.0,678.8924358516423,2023-01-31,0.0
990009,24,1,2,0,2,0,0,Data Scientist,1.1178082191780823,-0.1361321801559815,0.7071067811865476,0.8660254037844384,-0.3628120134713395,8,1.1178082191780823,1,2,4,4,-0.4815209285361194,0.707106781186549,1.4956710648288707,0.07850000000000003,0.32602739726027397,1.08205905,1.1178082191780823,0.0,1.1178082191780823,1.1178082191780823,0.0,3.0,16,2.75,2,0.9808917197452228,0.9808917197452228,4.15,0.5935358208162189,0.7071067811865475,1.3533155367582705,0.4535882312039072,0.0,0.0,0.0,0.0,2023-01-31,0.0
990010,22,1,2,0,1,0,0,Data Engineer,1.1178082191780823,-0.1361321801559815,0.7071067811865476,0.8660254037844384,0.47207047933163315,8,1.1178082191780823,1,2,4,3,-0.4956328282703419,0.7071067811865476,-0.5389694763458118,0.0,1.1178082191780823,0.9864,1.1178082191780823,0.0,1.1178082191780823,1.1178082191780823,0.0,3.0,10,3.3,1,1.0327169274537695,1.0327169274537695,1.8,-0.5659868772798924,0.7071067811865476,0.15883985173219134,-0.14927443131214815,3.0,0.0,0.0,8.016643112499974,2023-01-31,0.0
990011,21,1,2,0,0,0,0,Data Engineer,0.2493150684931507,-1.2049594522165679,-0.7071067811865476,-0.8660254037844388,-1.1486480255217357,8,0.2493150684931507,1,2,4,3,-0.49580985574114644,-0.7071067811865476,-0.5644931319686685,0.0,0.2493150684931507,0.9852,0.2493150684931507,0.0,0.2493150684931507,0.2493150684931507,0.0,2.0,11,3.090909090909091,0,0.9672830725462305,0.9672830725462305,0.0,-1.454131922630105,-0.7071067811865476,-0.7560776942452309,-0.9169715066317676,0.0,0.0,0.0,585.5181984900419,2023-01-31,0.0
990012,28,1,2,0,1,0,0,Data Scientist,0.2493150684931507,-1.2049594522165679,-0.7071067811865476,-0.8660254037844388,-1.1843220725457297,8,0.2493150684931507,1,2,4,4,-0.4946149203132157,-0.7071067811865461,-0.3922084565143865,0.0,0.2493150684931507,0.9933,0.2493150684931507,0.0,0.2493150684931507,0.2493150684931507,0.0,2.0,14,2.857142857142857,3,1.019108280254777,1.019108280254777,0.0,-1.454131922630105,-0.7071067811865475,-0.7560776942452309,-1.4987621502960562,5.0,0.0,0.0,0.0,2023-01-31,0.0
990013,30,1,2,0,1,0,1,Software Development,0.14520547945205478,0.0,0.0,-0.7071067811865476,-0.7071067811865476,1,0.14520547945205478,1,1,2,2,0.0,0.0,0.7071067811865487,0.0,0.14520547945205478,0.9934,0.14520547945205478,0.0,0.14520547945205478,0.14520547945205478,0.0,2.0,6,2.5,0,1.0,1.0,0.0,0.0,0.0,-0.7071067811865476,-0.7071067811865476,0.0,0.0,0.0,678.8924358516423,2023-01-31,0.0
990014,33,1,1,0,0,1,2,Sales,0.5863013698630137,-0.7463646671309754,0.0,-1.2124486434328874,-0.7071067811865475,4,0.5863013698630137,1,1,5,2,-0.3923075548847077,0.0,-0.5062566655013108,0.0,0.5863013698630137,0.9886,0.5863013698630137,0.0,0.5863013698630137,0.5863013698630137,0.0,2.0,10,2.8,4,1.0,1.0,2.1,-0.6146159849766062,0.0,-1.4700358037015953,0.7071067811865475,0.0,0.0,0.0,8.016643112499974,2023-01-31,0.0
990001,36,2,2,0,0,1,4,Business Development,2.7835616438356166,1.8194508412797916,0.0,0.0,0.0,8,2.7835616438356166,1,1,2,1,0.01792386453368987,0.0,-0.7071067811865476,1.3560961139127856,2.7835616438356166,0.9928,1.158904109589041,1.0,1.158904109589041,1.158904109589041,0.0,3.0,18,3.2777777777777777,0,1.0,1.0,4.216666666666666,0.626430081755115,0.0,-0.7071067811865476,0.0,0.0,0.0,0.0,0.0,2023-02-28,0.0
990002,36,2,1,0,4,0,4,Data Scientist,2.7835616438356166,1.1396960478529992,0.0,0.0,1.1402663280527814,3,2.7835616438356166,1,1,2,4,1.1514874808017157,0.0,0.7071067811865476,0.9706820901475868,2.7835616438356166,0.9881,1.158904109589041,1.0,1.158904109589041,1.158904109589041,0.0,4.0,19,3.1052631578947367,1,1.0,1.0,4.233333333333333,1.0343979869345976,0.0,0.7071067811865476,0.49279205412559307,0.0,0.0,0.0,8.016643112499974,2023-02-28,0.0
990003,30,2,2,0,1,1,2,Data Scientist,2.0082191780821916,0.8652611946137159,0.0,1.5133402023800604,0.4068677579642878,8,2.0082191780821916,1,1,5,4,-0.27743171821448664,0.0,-0.432322690197552,0.62193276758108,2.0082191780821916,0.9862,1.158904109589041,1.0,1.158904109589041,1.158904109589041,0.0,4.0,20,3.05,0,1.0,1.0,4.36,0.6971527427737436,0.0,0.5909325066989038,0.552381864966556,3.0,0.0,0.0,585.5181984900419,2023-02-28,0.0
990005,28,1,2,0,1,0,2,Data Engineer,1.3041095890410959,-0.001264385574204073,0.0,0.0866034745309204,0.6765775461901025,8,1.3041095890410959,1,1,5,3,-0.2045554093999423,0.0,-0.3726317667245276,0.5077949867536172,1.3041095890410959,0.9865,0.1589041095890411,1.0,0.1589041095890411,0.1589041095890411,0.0,4.0,14,2.857142857142857,0,1.0,1.0,4.65,0.8402427778579447,0.0,0.8553930421042776,1.066245937943916,0.0,0.0,0.0,0.0,2023-02-28,0.0
990006,29,1,2,0,0,0,2,Software Development,1.3041095890410959,-0.001264385574204073,0.0,0.0866034745309204,0.7071067811865475,8,1.3041095890410959,1,1,5,2,2.431641795941563,0.0,1.786602807631906,15.482096933728984,1.3041095890410959,9.802,1.073972602739726,1.0,1.073972602739726,1.073972602739726,0.0,2.0,20,2.95,3,1.0,1.0,4.4,0.7168892993370818,0.0,0.6274098219272313,0.7071067811865476,0.0,0.0,0.0,8.016643112499974,2023-02-28,0.0
990008,32,1,1,0,0,0,2,Marketing,1.0273972602739727,-0.4091629627627729,0.0,-0.4740985080090138,0.0,3,1.0273972602739727,1,1,5,1,-0.5011955266885991,0.0,-0.4753916852085158,0.0,1.0273972602739727,0.9925,1.0273972602739727,0.0,1.0273972602739727,1.0273972602739727,0.0,3.0,12,3.5833333333333335,0,1.0,1.0,3.05,-0.07277171767379095,0.0,-0.6036995670288194,0.0,0.0,0.0,0.0,678.8924358516423,2023-02-28,0.0
990009,24,1,2,0,2,0,0,Data Scientist,1.1945205479452055,-0.1361321801559815,0.7071067811865476,0.8660254037844388,-0.3628120134713395,8,1.1945205479452055,1,2,4,4,-0.4815209285361194,0.707106781186549,1.4956710648288707,0.07850000000000003,0.40273972602739727,1.08205905,1.1945205479452055,0.0,1.1945205479452055,1.1945205479452055,0.0,4.0,16,2.75,2,0.9808917197452228,0.9808917197452228,4.15,0.5935358208162189,0.7071067811865475,1.3533155367582705,0.4535882312039072,0.0,0.0,0.0,0.0,2023-02-28,0.0
990010,22,1,2,0,1,0,0,Data Engineer,1.1945205479452055,-0.1361321801559815,0.7071067811865476,0.8660254037844388,0.4720704793316332,8,1.1945205479452055,1,2,4,3,-0.4956328282703419,0.7071067811865476,-0.5389694763458118,0.0,1.1945205479452055,0.9864,1.1945205479452055,0.0,1.1945205479452055,1.1945205479452055,0.0,4.0,10,3.3,1,1.0327169274537695,1.0327169274537695,1.8,-0.5659868772798924,0.7071067811865476,0.15883985173219134,-0.14927443131214815,10.0,0.0,0.0,8.016643112499974,2023-02-28,0.3333333333333333
990011,21,1,2,0,0,0,0,Data Engineer,0.32602739726027397,-1.2049594522165676,-0.7071067811865474,-0.8660254037844386,-1.1486480255217357,8,0.32602739726027397,1,2,4,3,-0.49580985574114644,-0.7071067811865476,-0.5644931319686685,0.0,0.32602739726027397,0.9852,0.32602739726027397,0.0,0.32602739726027397,0.32602739726027397,0.0,3.0,11,3.090909090909091,0,0.9672830725462305,0.9672830725462305,0.0,-1.454131922630105,-0.7071067811865476,-0.7560776942452309,-0.9169715066317676,0.0,0.0,0.0,585.5181984900419,2023-02-28,0.0
990012,28,1,2,0,1,0,0,Data Scientist,0.32602739726027397,-1.2049594522165676,-0.7071067811865474,-0.8660254037844386,-1.1843220725457295,8,0.32602739726027397,1,2,4,4,-0.4946149203132157,-0.7071067811865461,-0.3922084565143865,0.0,0.32602739726027397,0.9933,0.32602739726027397,0.0,0.32602739726027397,0.32602739726027397,0.0,3.0,14,2.857142857142857,3,1.019108280254777,1.019108280254777,0.0,-1.454131922630105,-0.7071067811865475,-0.7560776942452309,-1.4987621502960562,5.0,0.0,0.0,0.0,2023-02-28,0.0
990013,30,1,2,0,1,0,1,Software Development,0.2219178082191781,0.0,0.0,0.0,-0.7071067811865476,1,0.2219178082191781,1,1,1,2,0.0,0.0,0.0,0.0,0.2219178082191781,0.9934,0.2219178082191781,0.0,0.2219178082191781,0.2219178082191781,0.0,2.0,6,2.5,0,1.0,1.0,0.0,0.0,0.0,0.0,-0.7071067811865476,0.0,0.0,0.0,678.8924358516423,2023-02-28,0.0
990014,33,1,1,0,0,1,2,Sales,0.663013698630137,-0.7305330850902264,0.0,-1.212448643432888,0.0,3,0.663013698630137,1,1,5,1,-0.6502919541131167,0.0,-0.5062566655013108,0.0,0.663013698630137,0.9886,0.663013698630137,0.0,0.663013698630137,0.663013698630137,0.0,3.0,10,2.8,4,1.0,1.0,2.1,-0.9616262692608067,0.0,-1.4700358037015953,0.0,0.0,0.0,0.0,8.016643112499974,2023-02-28,0.0
990001,36,2,2,0,0,1,4,Business Development,2.8684931506849316,1.8194508412797914,0.0,0.0,0.0,8,2.8684931506849316,1,1,2,1,0.01792386453368987,0.0,-0.7071067811865476,1.3560961139127856,2.8684931506849316,0.9928,1.2438356164383562,1.0,1.2438356164383562,1.2438356164383562,0.0,3.0,18,3.2777777777777777,0,1.0,1.0,4.216666666666666,0.626430081755115,0.0,-0.7071067811865476,0.0,0.0,8.0,0.0,0.0,2023-03-31,0.0
990002,36,2,1,0,4,0,4,Data Scientist,2.8684931506849316,1.64492339792253,0.0,0.0,1.1402663280527814,5,2.8684931506849316,1,1,2,4,1.7037990309772155,0.0,0.7071067811865476,0.9706820901475868,2.8684931506849316,0.9881,1.2438356164383562,1.0,1.2438356164383562,1.2438356164383562,0.0,4.0,19,3.1052631578947367,1,1.0,1.0,4.233333333333333,1.2586029992689567,0.0,0.7071067811865476,0.49279205412559307,0.0,0.0,0.0,8.016643112499974,2023-03-31,0.0
990003,30,2,2,0,1,1,2,Data Scientist,2.0931506849315067,0.8652611946137155,0.0,1.5133402023800604,0.4068677579642878,8,2.0931506849315067,1,1,5,4,-0.27743171821448664,0.0,-0.432322690197552,0.62193276758108,2.0931506849315067,0.9862,1.2438356164383562,1.0,1.2438356164383562,1.2438356164383562,0.0,4.0,20,3.05,0,1.0,1.0,4.36,0.6971527427737436,0.0,0.5909325066989038,0.552381864966556,0.0,0.0,0.0,585.5181984900419,2023-03-31,0.0
990005,28,1,2,0,1,0,2,Data Engineer,1.389041095890411,-0.0012643855742043462,0.0,0.08660347453092083,0.6765775461901027,8,1.389041095890411,1,1,5,3,-0.2045554093999423,0.0,-0.3726317667245276,0.5077949867536172,1.389041095890411,0.9865,0.24383561643835616,1.0,0.24383561643835616,0.24383561643835616,0.0,4.0,14,2.857142857142857,0,1.0,1.0,4.65,0.8402427778579447,0.0,0.8553930421042776,1.066245937943916,0.0,0.0,0.0,0.0,2023-03-31,0.0
990006,29,1,2,0,0,0,2,Software Development,1.389041095890411,-0.0012643855742043462,0.0,0.08660347453092083,0.7071067811865476,8,1.389041095890411,1,1,5,2,2.431641795941563,0.0,1.786602807631906,15.482096933728984,1.389041095890411,9.802,1.158904109589041,1.0,1.158904109589041,1.158904109589041,0.0,2.0,20,2.95,3,1.0,1.0,4.4,0.7168892993370818,0.0,0.6274098219272313,0.7071067811865476,0.0,0.0,0.0,8.016643112499974,2023-03-31,0.0
990008,32,1,1,0,0,0,2,Marketing,1.1123287671232878,0.12342859551511046,0.0,-0.47409850800901326,0.0,5,1.1123287671232878,1,1,5,1,-0.058054076888908714,0.0,-0.4753916852085158,0.0,1.1123287671232878,0.9925,1.1123287671232878,0.0,1.1123287671232878,1.1123287671232878,0.0,3.0,12,3.5833333333333335,0,1.0,1.0,3.05,0.6266311962414041,0.0,-0.6036995670288194,0.0,0.0,0.0,0.0,678.8924358516423,2023-03-31,0.0
990009,24,1,2,0,2,0,0,Data Scientist,1.2794520547945205,-0.13613218015598177,0.7071067811865476,1.0588269579752507,-0.3628120134713395,8,1.2794520547945205,1,2,5,4,-0.4815209285361194,0.707106781186549,1.314485149690055,0.07850000000000003,0.4876712328767123,1.08205905,1.2794520547945205,0.0,1.2794520547945205,1.2794520547945205,0.0,4.0,16,2.75,2,0.9808917197452228,0.9808917197452228,4.15,0.5935358208162189,0.7071067811865475,1.6183080481089516,0.4535882312039072,0.0,0.0,0.0,0.0,2023-03-31,0.0
990010,22,1,2,0,1,0,0,Data Engineer,1.2794520547945205,-0.13613218015598177,0.7071067811865476,1.0588269579752507,0.47207047933163343,8,1.2794520547945205,1,2,5,3,-0.4956328282703419,0.7071067811865476,0.03687152605664192,0.0,1.2794520547945205,0.9864,1.2794520547945205,0.0,1.2794520547945205,1.2794520547945205,0.0,4.0,10,3.3,1,1.0327169274537695,1.0327169274537695,1.8,-0.5659868772798924,0.7071067811865476,0.3335026720765069,-0.14927443131214815,16.0,0.0,0.0,8.016643112499974,2023-03-31,0.6666666666666666
990011,21,1,2,0,0,0,0,Data Engineer,0.410958904109589,-1.204959452216568,-0.7071067811865474,-0.49653979678913496,-1.1486480255217355,8,0.410958904109589,1,2,5,3,-0.49580985574114644,-0.7071067811865476,0.020844434544023984,0.0,0.410958904109589,0.9852,0.410958904109589,0.0,0.410958904109589,0.410958904109589,0.0,3.0,11,3.090909090909091,0,0.9672830725462305,0.9672830725462305,0.0,-1.454131922630105,-0.7071067811865476,-0.6506035733951526,-0.9169715066317676,0.0,0.0,0.0,585.5181984900419,2023-03-31,0.0
990012,28,1,2,0,1,0,0,Data Scientist,0.410958904109589,-1.204959452216568,-0.7071067811865474,-0.49653979678913496,-1.1843220725457295,8,0.410958904109589,1,2,5,4,-0.4946149203132157,-0.7071067811865461,0.12902730225419506,0.0,0.410958904109589,0.9933,0.410958904109589,0.0,0.410958904109589,0.410958904109589,0.0,3.0,14,2.857142857142857,3,1.019108280254777,1.019108280254777,0.0,-1.454131922630105,-0.7071067811865475,-0.6506035733951526,-1.4987621502960562,4.0,0.0,0.0,0.0,2023-03-31,0.0
990013,30,1,2,0,1,0,1,Software Development,0.30684931506849317,0.0,0.0,0.7071067811865475,-0.7071067811865476,1,0.30684931506849317,1,1,2,2,0.0,0.0,0.7071067811865475,0.0,0.30684931506849317,0.9934,0.30684931506849317,0.0,0.30684931506849317,0.30684931506849317,0.0,2.0,6,2.5,0,1.0,1.0,0.0,0.0,0.0,0.0,-0.7071067811865476,0.0,0.0,0.0,678.8924358516423,2023-03-31,0.0
990014,33,1,1,0,0,1,2,Sales,0.7479452054794521,-0.19226377378315296,0.0,-1.2124486434328874,0.0,5,0.7479452054794521,1,1,5,1,-0.21699926047164825,0.0,-0.5062566655013108,0.0,0.7479452054794521,0.9886,0.7479452054794521,0.0,0.7479452054794521,0.7479452054794521,0.0,3.0,10,2.8,4,1.0,1.0,2.1,0.11927355155731285,0.0,-1.4700358037015953,0.0,0.0,0.0,0.0,8.016643112499974,2023-03-31,0.0
990015,23,1,2,0,2,0,0,Project Management,0.06027397260273973,-0.7880441098272439,0.0,-1.1245743223722309,0.0,5,0.06027397260273973,1,1,5,2,-0.828286802578381,0.0,-1.501228412544911,0.0,0.06027397260273973,0.9957,0.06027397260273973,0.0,0.06027397260273973,0.06027397260273973,0.0,0.0,16,3.0,0,1.0,1.0,0.0,-1.0022538735338367,0.0,-0.6506035733951526,0.0,0.0,0.0,0.0,0.0,2023-03-31,0.0
990016,28,1,1,0,2,1,1,Project Management,0.06027397260273973,-0.7880441098272439,0.0,-0.7071067811865477,0.0,5,0.06027397260273973,1,1,2,2,-0.6004588910382771,0.0,-0.7071067811865475,0.0,0.06027397260273973,0.9899,0.06027397260273973,0.0,0.06027397260273973,0.06027397260273973,0.0,0.0,16,3.0625,0,1.0,1.0,0.0,-1.0022538735338367,0.0,0.0,0.0,0.0,0.0,0.0,585.5181984900419,2023-03-31,0.0
990001,36,2,2,0,0,1,4,Business Development,2.9506849315068493,1.6690061237508573,0.7071067811865476,0.5773502691896257,0.7071067811865476,7,2.9506849315068493,1,2,3,2,-0.051259041047963826,0.7071067811865476,-0.5104455698540604,1.3560961139127856,2.9506849315068493,0.9928,1.326027397260274,1.0,1.326027397260274,1.326027397260274,0.0,3.0,18,3.2777777777777777,0,1.0786106032906764,1.0786106032906764,4.216666666666666,0.5188545316235288,0.7071067811865474,0.570544751878021,0.7071067811865474,0.0,8.0,0.0,0.0,2023-04-30,0.0
990002,36,2,1,0,4,0,4,Data Scientist,2.9506849315068493,1.6449233979225302,0.0,0.5773502691896257,1.1402663280527812,5,2.9506849315068493,1,1,3,4,1.1947815719752128,0.0,1.152208843994991,0.9706820901475868,2.9506849315068493,0.9881,1.326027397260274,1.0,1.326027397260274,1.326027397260274,0.0,4.0,19,3.1052631578947367,1,1.0,1.0,4.233333333333333,1.2586029992689567,0.0,0.5841291507322602,0.49279205412559307,0.0,0.0,0.0,8.016643112499974,2023-04-30,0.0
990003,30,2,2,0,1,1,2,Data Scientist,2.175342465753425,0.7842586977004298,0.0,1.4254558196652456,0.406867757964288,7,2.175342465753425,1,1,4,4,-0.33057042825415034,0.0,-0.5046408861966861,0.62193276758108,2.175342465753425,0.9862,1.326027397260274,1.0,1.326027397260274,1.326027397260274,0.0,4.0,20,3.05,0,1.0,1.0,4.36,0.5861134523895423,0.0,0.33956889905150023,0.552381864966556,0.0,0.0,0.0,585.5181984900419,2023-04-30,0.0
990005,28,1,2,0,1,0,2,Data Engineer,1.4712328767123288,-0.01920451252911076,0.0,-0.25501273838048,0.7071067811865475,7,1.4712328767123288,1,1,4,2,-0.2616528790408962,0.0,-0.45074360776713407,0.5077949867536172,1.4712328767123288,0.9865,0.32602739726027397,1.0,0.32602739726027397,0.32602739726027397,0.0,4.0,14,2.857142857142857,0,1.0,1.0,4.65,0.7221954548696151,0.0,0.7415075958879698,0.7071067811865476,0.0,0.0,0.0,0.0,2023-04-30,0.0
990006,29,1,2,0,0,0,2,Software Development,1.4712328767123288,-0.01920451252911076,0.0,-0.25501273838048,0.7071067811865476,7,1.4712328767123288,1,1,4,2,2.2313418073023192,0.0,1.4989140667601693,15.482096933728984,1.4712328767123288,9.802,1.2410958904109588,1.0,1.2410958904109588,1.2410958904109588,0.0,2.0,20,2.95,3,1.0,1.0,4.4,0.6048833837661041,0.0,0.39500871930480647,0.7071067811865476,0.0,0.0,0.0,8.016643112499974,2023-04-30,0.0
990008,32,1,1,0,0,0,2,Marketing,1.1945205479452055,0.12342859551511055,0.0,-0.9154303429042867,0.0,5,1.1945205479452055,1,1,4,1,-0.3271396617754891,0.0,-0.5435295727963491,0.0,1.1945205479452055,0.9925,1.1945205479452055,0.0,1.1945205479452055,1.1945205479452055,0.0,3.0,12,3.5833333333333335,0,1.0,1.0,3.05,0.6266311962414041,0.0,-1.4760852142442764,0.0,0.0,9.0,0.0,678.8924358516423,2023-04-30,0.0
990009,24,1,2,0,2,0,0,Data Scientist,1.3616438356164384,-0.14425715225355284,0.7071067811865476,1.4220842995242706,-0.3628120134713395,7,1.3616438356164384,1,2,4,4,-0.5148176630742207,0.7071067811865476,1.302120609372984,0.141053,0.07945205479452055,1.1448184749,1.3616438356164384,0.0,1.3616438356164384,1.3616438356164384,0.0,4.0,16,2.75,2,0.9808917197452228,0.9808917197452228,4.15,0.487571312662593,0.7071067811865475,1.5,0.4535882312039072,0.0,0.0,0.0,0.0,2023-04-30,0.0
990011,21,1,2,0,0,0,0,Data Engineer,0.4931506849315068,-1.1352993220697565,0.0,-0.24909539630221247,-0.7071067811865475,7,0.4931506849315068,1,1,4,2,-0.5370859102387254,0.0,-0.11971030788929538,0.0,0.4931506849315068,0.9852,0.4931506849315068,0.0,0.4931506849315068,0.4931506849315068,0.0,3.0,11,3.090909090909091,0,1.0,1.0,0.0,-1.4598090676556907,0.0,-0.5,-0.7071067811865476,0.0,0.0,0.0,585.5181984900419,2023-04-30,0.0
990012,28,1,2,0,1,0,0,Data Scientist,0.4931506849315068,-1.1352993220697565,-0.7071067811865476,-0.24909539630221247,-1.1843220725457297,7,0.4931506849315068,1,2,4,4,-0.5359558856463624,-0.7071067811865476,-0.04755806838794889,0.0,0.4931506849315068,0.9933,0.4931506849315068,0.0,0.4931506849315068,0.4931506849315068,0.0,3.0,14,2.857142857142857,3,1.019108280254777,1.019108280254777,0.0,-1.4598090676556907,-0.7071067811865475,-0.5,-1.4987621502960562,3.0,0.0,0.0,0.0,2023-04-30,0.3333333333333333
990013,30,1,2,0,1,0,1,Software Development,0.38904109589041097,0.0,0.0,0.7071067811865475,-0.7071067811865475,1,0.38904109589041097,1,1,2,2,0.0,0.0,0.7071067811865475,0.0,0.38904109589041097,0.9934,0.38904109589041097,0.0,0.38904109589041097,0.38904109589041097,0.0,2.0,6,2.5,0,1.0,1.0,0.0,0.0,0.0,0.0,-0.7071067811865476,0.0,0.0,0.0,678.8924358516423,2023-04-30,0.0
990014,33,1,1,0,0,1,4,Business Development,0.8301369863013699,-0.19226377378315276,-0.7071067811865476,-1.1547005383792515,-0.7071067811865476,5,0.8301369863013699,1,2,3,2,0.9205179481017226,-0.7071067811865476,-0.641763274140933,1.3900465304470968,0.8301369863013699,0.9845,0.07945205479452055,1.0,0.07945205479452055,0.07945205479452055,0.0,3.0,10,2.8,6,0.9213893967093235,0.9213893967093235,2.1,0.11927355155731285,-0.7071067811865477,-1.1546739026102806,-0.7071067811865477,0.0,4.0,0.0,8.016643112499974,2023-04-30,0.0
990015,23,1,2,0,2,0,0,Project Management,0.14246575342465753,-0.7880441098272438,0.0,-0.923893506919846,0.0,5,0.14246575342465753,1,1,4,2,-0.9924809066970043,0.0,-1.1348522330957396,0.0,0.14246575342465753,0.9957,0.14246575342465753,0.0,0.14246575342465753,0.14246575342465753,0.0,0.0,16,3.0,0,1.0,1.0,0.0,-1.0022538735338367,0.0,-0.5,0.0,0.0,0.0,0.0,0.0,2023-04-30,0.0
990016,28,1,1,0,2,1,1,Project Management,0.14246575342465753,-0.7880441098272438,0.0,-0.7071067811865477,0.0,5,0.14246575342465753,1,1,2,2,-0.7956789516044418,0.0,-0.7071067811865475,0.0,0.14246575342465753,0.9899,0.14246575342465753,0.0,0.14246575342465753,0.14246575342465753,0.0,0.0,16,3.0625,0,1.0,1.0,0.0,-1.0022538735338367,0.0,0.0,0.0,0.0,0.0,0.0,585.5181984900419,2023-04-30,0.0
990001,36,2,2,0,0,1,4,Business Development,3.0356164383561643,1.7043447107816616,0.7071067811865476,0.5773502691896257,0.7071067811865476,8,3.0356164383561643,1,2,3,2,0.016632761644045754,0.7071067811865476,-0.5104455698540604,1.3560961139127856,3.0356164383561643,0.9928,1.4109589041095891,1.0,1.4109589041095891,1.4109589041095891,0.0,3.0,18,3.2777777777777777,0,1.0786106032906764,1.0786106032906764,4.216666666666666,0.6616553243573388,0.7071067811865474,0.570544751878021,0.7071067811865474,0.0,8.0,0.0,0.0,2023-05-31,0.0
990002,36,2,1,0,4,0,4,Data Scientist,3.0356164383561643,1.64492339792253,0.0,0.5773502691896257,1.1402663280527812,5,3.0356164383561643,1,1,3,4,1.1947815719752128,0.0,1.152208843994991,0.9706820901475868,3.0356164383561643,0.9881,1.4109589041095891,1.0,1.4109589041095891,1.4109589041095891,0.0,4.0,19,3.1052631578947367,1,1.0,1.0,4.233333333333333,1.2586029992689567,0.0,0.5841291507322602,0.49279205412559307,0.0,0.0,0.0,8.016643112499974,2023-05-31,0.0
990003,30,2,2,0,1,1,2,Data Scientist,2.26027397260274,0.9029664293258608,0.0,1.4254558196652456,0.406867757964288,8,2.26027397260274,1,1,4,4,-0.27893397410370874,0.0,-0.5046408861966861,0.62193276758108,2.26027397260274,0.9862,1.4109589041095891,1.0,1.4109589041095891,1.4109589041095891,0.0,4.0,20,3.05,0,1.0,1.0,4.36,0.725109305840173,0.0,0.33956889905150023,0.552381864966556,0.0,0.0,0.0,585.5181984900419,2023-05-31,0.0
990005,28,1,2,0,1,0,2,Data Engineer,1.5561643835616439,0.17521300765045128,0.0,-0.25501273838048,0.7071067811865475,8,1.5561643835616439,1,1,4,2,-0.20600556520335875,0.0,-0.45074360776713407,0.5077949867536172,1.5561643835616439,0.9865,0.410958904109589,1.0,0.410958904109589,0.410958904109589,0.0,4.0,14,2.857142857142857,0,1.0,1.0,4.65,0.8534929427938133,0.0,0.7415075958879698,0.7071067811865476,0.0,0.0,0.0,0.0,2023-05-31,0.0
990006,29,1,2,0,0,0,2,Software Development,1.5561643835616439,0.17521300765045128,0.0,-0.25501273838048,0.7071067811865475,8,1.5561643835616439,1,1,4,2,2.432076286916134,0.0,1.4989140667601693,15.482096933728984,1.5561643835616439,9.802,1.326027397260274,1.0,1.326027397260274,1.326027397260274,0.0,2.0,20,2.95,3,1.0,1.0,4.4,0.7428173936958474,0.0,0.39500871930480647,0.7071067811865476,0.0,0.0,0.0,8.016643112499974,2023-05-31,0.0
990008,32,1,1,0,0,0,2,Marketing,1.2794520547945205,0.12342859551511036,0.0,-0.9154303429042867,0.0,5,1.2794520547945205,1,1,4,1,-0.3271396617754891,0.0,-0.5435295727963491,0.0,1.2794520547945205,0.9925,1.2794520547945205,0.0,1.2794520547945205,1.2794520547945205,0.0,3.0,12,3.5833333333333335,0,1.0,1.0,3.05,0.6266311962414041,0.0,-1.4760852142442764,0.0,0.0,22.0,0.0,678.8924358516423,2023-05-31,0.0
990009,24,1,2,0,2,0,0,Data Scientist,1.4465753424657535,0.061943992603694945,0.7071067811865476,1.6307790284867294,-0.3628120134713395,8,1.4465753424657535,1,2,5,4,-0.47390401922441855,0.7071067811865476,1.5121841253438224,0.141053,0.1643835616438356,1.1448184749,1.4465753424657535,0.0,1.4465753424657535,1.4465753424657535,0.0,4.0,16,2.75,2,0.9808917197452228,0.9808917197452228,4.15,0.6321418445978817,0.7071067811865475,1.788854381999832,0.4535882312039072,0.0,0.0,0.0,0.0,2023-05-31,0.0
990011,21,1,2,0,0,0,0,Data Engineer,0.5780821917808219,-0.8357129516418491,0.0,-0.008272816885157713,-0.7071067811865475,8,0.5780821917808219,1,1,5,2,-0.4974682325959924,0.0,-0.12927788596769735,0.0,0.5780821917808219,0.9852,0.5780821917808219,0.0,0.5780821917808219,0.5780821917808219,0.0,3.0,11,3.090909090909091,0,1.0,1.0,0.0,-1.2050722704283507,0.0,-0.447213595499958,-0.7071067811865476,0.0,0.0,0.0,585.5181984900419,2023-05-31,0.0
990012,28,1,2,0,1,0,0,Data Scientist,0.5780821917808219,-0.8357129516418491,-0.7071067811865476,-0.008272816885157713,-1.1843220725457297,8,0.5780821917808219,1,2,5,4,-0.49627244289539957,-0.7071067811865476,-0.04598024576688053,0.0,0.5780821917808219,0.9933,0.5780821917808219,0.0,0.5780821917808219,0.5780821917808219,0.0,3.0,14,2.857142857142857,3,1.019108280254777,1.019108280254777,0.0,-1.2050722704283507,-0.7071067811865475,-0.447213595499958,-1.4987621502960562,3.0,0.0,0.0,0.0,2023-05-31,0.6666666666666666
990013,30,1,2,0,1,0,1,Software Development,0.473972602739726,0.0,0.0,0.7071067811865475,-0.7071067811865477,1,0.473972602739726,1,1,2,2,0.0,0.0,0.7071067811865475,0.0,0.473972602739726,0.9934,0.473972602739726,0.0,0.473972602739726,0.473972602739726,0.0,2.0,6,2.5,0,1.0,1.0,0.0,0.0,0.0,0.0,-0.7071067811865476,0.0,0.0,0.0,678.8924358516423,2023-05-31,0.0
990014,33,1,1,0,0,1,4,Business Development,0.915068493150685,-0.19226377378315296,-0.7071067811865476,-1.1547005383792515,-0.7071067811865476,5,0.915068493150685,1,2,3,2,0.9205179481017226,-0.7071067811865476,-0.641763274140933,1.3900465304470968,0.915068493150685,0.9845,0.1643835616438356,1.0,0.1643835616438356,0.1643835616438356,0.0,3.0,10,2.8,6,0.9213893967093235,0.9213893967093235,2.1,0.11927355155731285,-0.7071067811865477,-1.1546739026102806,-0.7071067811865477,0.0,4.0,0.0,8.016643112499974,2023-05-31,0.0
990015,23,1,2,0,2,0,0,Project Management,0.2273972602739726,-0.7880441098272439,0.0,-0.6700981676977807,0.0,5,0.2273972602739726,1,1,5,2,-0.9924809066970043,0.0,-1.3012294071264117,0.0,0.2273972602739726,0.9957,0.2273972602739726,0.0,0.2273972602739726,0.2273972602739726,0.0,0.0,16,3.0,0,1.0,1.0,0.0,-1.0022538735338367,0.0,-0.447213595499958,0.0,0.0,0.0,0.0,0.0,2023-05-31,0.0
990016,28,1,1,0,2,1,1,Project Management,0.2273972602739726,-0.7880441098272439,0.0,-0.7071067811865475,0.0,5,0.2273972602739726,1,1,2,2,-0.7956789516044418,0.0,-0.7071067811865475,0.0,0.2273972602739726,0.9899,0.2273972602739726,0.0,0.2273972602739726,0.2273972602739726,0.0,0.0,16,3.0625,0,1.0,1.0,0.0,-1.0022538735338367,0.0,0.0,0.0,0.0,8.0,0.0,585.5181984900419,2023-05-31,0.0
990017,25,1,2,0,1,0,0,Data Consultant,0.0821917808219178,-1.3482552447284213,0.0,-0.9441352270186325,0.0,8,0.0821917808219178,1,1,5,1,-0.49612481453730173,0.0,-0.03569658648282907,0.0,0.0821917808219178,0.9943,0.0821917808219178,0.0,0.0821917808219178,0.0821917808219178,0.0,0.0,18,2.8333333333333335,0,1.0,1.0,0.0,-1.2050722704283507,0.0,-0.447213595499958,0.0,0.0,0.0,0.0,678.8924358516423,2023-05-31,0.0
990001,36,2,2,0,0,1,4,Business Development,3.117808219178082,1.5589562108247552,0.7071067811865476,0.5773502691896257,0.7071067811865476,7,3.117808219178082,1,2,3,2,-0.051279609903732024,0.7071067811865476,-0.5104455698540604,1.3560961139127856,3.117808219178082,0.9928,1.4931506849315068,1.0,1.4931506849315068,1.4931506849315068,0.0,3.0,18,3.2777777777777777,0,1.0786106032906764,1.0786106032906764,4.271428571428571,0.26569244811754467,0.7071067811865476,0.5949313449708512,0.7071067811865476,0.0,15.0,0.0,0.0,2023-06-30,0.0
990002,36,2,1,0,4,0,4,Data Scientist,3.117808219178082,1.6449233979225302,0.0,0.5773502691896257,0.9918577117154925,5,3.117808219178082,1,1,3,3,1.1947815719752128,0.0,1.152208843994991,0.9706820901475868,3.117808219178082,0.9881,1.4931506849315068,1.0,1.4931506849315068,1.4931506849315068,0.0,4.0,19,3.1052631578947367,1,1.0,1.0,4.228571428571429,0.912408800096449,0.0,0.5595888888339691,-0.7433580980592608,0.0,0.0,0.0,8.016643112499974,2023-06-30,0.0
990003,30,2,2,0,1,1,2,Data Scientist,2.3424657534246576,0.7707243951933515,0.0,1.425455819665246,0.01609039161531509,7,2.3424657534246576,1,1,4,3,-0.3305944775084603,0.0,-0.5046408861966861,0.62193276758108,2.3424657534246576,0.9862,1.4931506849315068,1.0,1.4931506849315068,1.4931506849315068,0.0,4.0,20,3.05,0,1.0,1.0,4.433333333333334,0.36132887076118625,0.0,0.3934383269726927,1.1369006205612306,0.0,0.0,0.0,585.5181984900419,2023-06-30,0.0
990005,28,1,2,0,1,0,2,Data Engineer,1.6383561643835616,0.05490963682843686,0.0,-0.2550127383804801,0.7071067811865476,7,1.6383561643835616,1,1,4,2,-0.26167606953846095,0.0,-0.45074360776713407,0.5077949867536172,1.6383561643835616,0.9865,0.4931506849315068,1.0,0.4931506849315068,0.4931506849315068,0.0,4.0,14,2.857142857142857,0,1.0,1.0,4.62,0.47159204039738445,0.0,0.6637763185122116,-0.7071067811865476,0.0,0.0,0.0,0.0,2023-06-30,0.0
990006,29,1,2,0,0,0,2,Software Development,1.6383561643835616,0.05490963682843686,0.0,-0.2550127383804801,0.7071067811865476,7,1.6383561643835616,1,1,4,2,2.231349681113152,0.0,1.4989140667601693,15.482096933728984,1.6383561643835616,9.802,1.4082191780821918,1.0,1.4082191780821918,1.4082191780821918,0.0,2.0,20,2.95,3,1.0,1.0,4.46,0.3770807521377858,0.0,0.43205804004976645,0.7071067811865476,0.0,0.0,0.0,8.016643112499974,2023-06-30,0.0
990008,32,1,1,0,0,0,2,Marketing,1.3616438356164384,0.12342859551511075,0.0,-0.9154303429042864,0.0,5,1.3616438356164384,1,1,4,1,-0.3271396617754891,0.0,-0.5435295727963491,0.0,1.3616438356164384,0.9925,1.3616438356164384,0.0,1.3616438356164384,1.3616438356164384,0.0,3.0,12,3.5833333333333335,0,1.0,1.0,3.133333333333333,-0.39184243683446124,0.0,-1.4892726855346734,0.0,0.0,22.0,0.0,678.8924358516423,2023-06-30,0.0
990009,24,1,2,0,2,0,0,Data Scientist,1.5287671232876712,-0.05650122050462376,0.0,1.4105200329514465,-1.0079481033308078,7,1.5287671232876712,1,1,4,3,-0.5148440081669275,0.0,1.3000643881711618,0.141053,0.2465753424657534,1.1448184749,1.5287671232876712,0.0,1.5287671232876712,1.5287671232876712,0.0,4.0,16,2.75,2,1.0,1.0,4.266666666666667,0.26287961215743755,0.0,0.497850607996051,-0.3935425225019616,0.0,4.0,0.0,0.0,2023-06-30,0.0
990011,21,1,2,0,0,0,0,Data Engineer,0.6602739726027397,-0.9394322648691291,0.0,-0.008955682748898217,-0.7071067811865475,7,0.6602739726027397,1,1,4,2,-0.5371125328080354,0.0,-0.12195324144563484,0.0,0.6602739726027397,0.9852,0.6602739726027397,0.0,0.6602739726027397,0.6602739726027397,0.0,3.0,11,3.090909090909091,0,1.0,1.0,4.7,0.5188476845271838,0.0,0.6985345740099631,0.7071067811865476,0.0,6.0,0.0,585.5181984900419,2023-06-30,0.0
990013,30,1,2,0,1,0,1,Software Development,0.5561643835616439,0.0,0.0,0.7071067811865477,-0.7071067811865476,1,0.5561643835616439,1,1,2,2,0.0,0.0,0.7071067811865475,0.0,0.5561643835616439,0.9934,0.5561643835616439,0.0,0.5561643835616439,0.5561643835616439,0.0,2.0,6,2.5,0,1.0,1.0,4.2,0.0,0.0,0.7071067811865506,-0.7071067811865476,0.0,0.0,0.0,678.8924358516423,2023-06-30,0.0
990014,33,1,1,0,0,1,4,Business Development,0.9972602739726028,-0.19226377378315265,-0.7071067811865476,-1.1547005383792515,-0.7071067811865476,5,0.9972602739726028,1,2,3,2,0.9205179481017226,-0.7071067811865476,-0.641763274140933,1.3900465304470968,0.9972602739726028,0.9845,0.2465753424657534,1.0,0.2465753424657534,0.2465753424657534,0.0,3.0,10,2.8,6,0.9213893967093235,0.9213893967093235,2.1500000000000004,-1.562833221296342,-0.7071067811865476,-1.1545202338048206,-0.7071067811865476,0.0,4.0,0.0,8.016643112499974,2023-06-30,0.0
990015,23,1,2,0,2,0,0,Project Management,0.3095890410958904,-0.7880441098272437,0.0,-0.5821193786783748,0.0,5,0.3095890410958904,1,1,4,2,-0.9924809066970043,0.0,-1.1372284733179587,0.0,0.3095890410958904,0.9957,0.3095890410958904,0.0,0.3095890410958904,0.3095890410958904,0.0,0.0,16,3.0,0,1.0,1.0,3.8,0.4020496204278319,0.0,0.28172941382722266,-0.7071067811865475,0.0,0.0,0.0,0.0,2023-06-30,0.0
990016,28,1,1,0,2,1,1,Project Management,0.3095890410958904,-0.7880441098272437,0.0,-0.7071067811865474,0.0,5,0.3095890410958904,1,1,2,2,-0.7956789516044418,0.0,-0.7071067811865475,0.0,0.3095890410958904,0.9899,0.3095890410958904,0.0,0.3095890410958904,0.3095890410958904,0.0,0.0,16,3.0625,0,1.0,1.0,4.0,0.6402172376065199,0.0,-0.7071067811865444,0.7071067811865475,0.0,8.0,0.0,585.5181984900419,2023-06-30,0.0
990017,25,1,2,0,1,0,0,Data Consultant,0.1643835616438356,-1.4435663943012285,0.0,-0.8194449715241738,0.0,7,0.1643835616438356,1,1,4,1,-0.5358429831875354,0.0,-0.040882673407568404,0.0,0.1643835616438356,0.9943,0.1643835616438356,0.0,0.1643835616438356,0.1643835616438356,0.0,0.0,18,2.8333333333333335,0,1.0,1.0,0.0,-2.2574214080985238,0.0,-1.4781145958332365,0.0,0.0,0.0,0.0,678.8924358516423,2023-06-30,0.0
990001,36,2,2,0,0,1,4,Business Development,3.202739726027397,1.5589562108247554,0.7071067811865476,0.5773502691896257,0.7071067811865476,7,3.202739726027397,1,2,3,2,-0.051279609903732024,0.7071067811865476,-0.5104455698540604,1.3560961139127856,3.202739726027397,0.9928,1.5780821917808219,1.0,1.5780821917808219,1.5780821917808219,0.0,4.0,18,3.2777777777777777,0,1.0786106032906764,1.0786106032906764,4.271428571428571,0.26569244811754467,0.7071067811865476,0.5949313449708512,0.7071067811865476,0.0,15.0,0.0,0.0,2023-07-31,0.0
990002,36,2,1,0,4,0,4,Data Scientist,3.202739726027397,1.64492339792253,0.0,0.5773502691896257,0.9918577117154925,5,3.202739726027397,1,1,3,3,1.1947815719752128,0.0,1.152208843994991,0.9706820901475868,3.202739726027397,0.9881,1.5780821917808219,1.0,1.5780821917808219,1.5780821917808219,0.0,5.0,19,3.1052631578947367,1,1.0,1.0,4.228571428571429,0.912408800096449,0.0,0.5595888888339691,-0.7433580980592608,0.0,0.0,0.0,8.016643112499974,2023-07-31,0.0
990003,30,2,2,0,1,1,2,Data Scientist,2.4273972602739726,0.7707243951933517,0.0,1.425455819665246,0.01609039161531509,7,2.4273972602739726,1,1,4,3,-0.3305944775084603,0.0,-0.5046408861966861,0.62193276758108,2.4273972602739726,0.9862,1.5780821917808219,1.0,1.5780821917808219,1.5780821917808219,0.0,5.0,20,3.05,0,1.0,1.0,4.433333333333334,0.36132887076118625,0.0,0.3934383269726927,1.1369006205612306,0.0,7.0,0.0,585.5181984900419,2023-07-31,0.0
990005,28,1,2,0,1,0,2,Data Engineer,1.7232876712328766,0.05490963682843709,0.0,-0.2550127383804801,0.7071067811865475,7,1.7232876712328766,1,1,4,2,-0.26167606953846095,0.0,-0.45074360776713407,0.5077949867536172,1.7232876712328766,0.9865,0.5780821917808219,1.0,0.5780821917808219,0.5780821917808219,0.0,5.0,14,2.857142857142857,0,1.0,1.0,4.62,0.47159204039738445,0.0,0.6637763185122116,-0.7071067811865476,0.0,0.0,0.0,0.0,2023-07-31,0.0
990006,29,1,2,0,0,0,2,Software Development,1.7232876712328766,0.05490963682843709,0.0,-0.2550127383804801,0.7071067811865476,7,1.7232876712328766,1,1,4,2,2.231349681113152,0.0,1.4989140667601693,15.482096933728984,1.7232876712328766,9.802,1.4931506849315068,1.0,1.4931506849315068,1.4931506849315068,0.0,3.0,20,2.95,3,1.0,1.0,4.46,0.3770807521377858,0.0,0.43205804004976645,0.7071067811865476,0.0,0.0,0.0,8.016643112499974,2023-07-31,0.0
990008,32,1,1,0,0,0,2,Marketing,1.4465753424657535,0.12342859551511055,0.0,-0.9154303429042864,0.0,5,1.4465753424657535,1,1,4,1,-0.3271396617754891,0.0,-0.5435295727963491,0.0,1.4465753424657535,0.9925,1.4465753424657535,0.0,1.4465753424657535,1.4465753424657535,0.0,4.0,12,3.5833333333333335,0,1.0,1.0,3.133333333333333,-0.39184243683446124,0.0,-1.4892726855346734,0.0,0.0,22.0,0.0,678.8924358516423,2023-07-31,0.0
990009,24,1,2,0,2,0,0,Data Scientist,1.6136986301369862,-0.05650122050462353,0.0,1.4105200329514465,-1.0079481033308078,7,1.6136986301369862,1,1,4,3,-0.5148440081669275,0.0,1.3000643881711618,0.141053,0.3315068493150685,1.1448184749,1.6136986301369862,0.0,1.6136986301369862,1.6136986301369862,0.0,5.0,16,2.75,2,1.0,1.0,4.266666666666667,0.26287961215743755,0.0,0.497850607996051,-0.3935425225019616,0.0,4.0,0.0,0.0,2023-07-31,0.0
990011,21,1,2,0,0,0,0,Data Engineer,0.7452054794520548,-0.9394322648691288,0.0,-0.008955682748898037,-0.7071067811865477,7,0.7452054794520548,1,1,4,2,-0.5371125328080354,0.0,-0.12195324144563484,0.0,0.7452054794520548,0.9852,0.7452054794520548,0.0,0.7452054794520548,0.7452054794520548,0.0,4.0,11,3.090909090909091,0,1.0,1.0,4.7,0.5188476845271838,0.0,0.6985345740099631,0.7071067811865476,0.0,6.0,0.0,585.5181984900419,2023-07-31,0.0
990013,30,1,2,0,1,0,1,Software Development,0.6410958904109589,0.0,0.0,0.7071067811865477,-0.7071067811865476,1,0.6410958904109589,1,1,2,2,0.0,0.0,0.7071067811865475,0.0,0.6410958904109589,0.9934,0.6410958904109589,0.0,0.6410958904109589,0.6410958904109589,0.0,3.0,6,2.5,0,1.0,1.0,4.2,0.0,0.0,0.7071067811865506,-0.7071067811865476,0.0,5.0,0.0,678.8924358516423,2023-07-31,0.0
990014,33,1,1,0,0,1,4,Business Development,1.082191780821918,-0.19226377378315276,-0.7071067811865475,-1.1547005383792515,-0.7071067811865475,5,1.082191780821918,1,2,3,2,0.9205179481017226,-0.7071067811865476,-0.641763274140933,1.3900465304470968,1.082191780821918,0.9845,0.3315068493150685,1.0,0.3315068493150685,0.3315068493150685,0.0,4.0,10,2.8,6,0.9213893967093235,0.9213893967093235,2.1500000000000004,-1.562833221296342,-0.7071067811865476,-1.1545202338048206,-0.7071067811865476,0.0,4.0,0.0,8.016643112499974,2023-07-31,0.0
990015,23,1,2,0,2,0,0,Project Management,0.39452054794520547,-0.7880441098272439,0.0,-0.5821193786783748,0.0,5,0.39452054794520547,1,1,4,2,-0.9924809066970043,0.0,-1.1372284733179587,0.0,0.39452054794520547,0.9957,0.39452054794520547,0.0,0.39452054794520547,0.39452054794520547,0.0,1.0,16,3.0,0,1.0,1.0,3.8,0.4020496204278319,0.0,0.28172941382722266,-0.7071067811865475,0.0,8.0,8.0,0.0,2023-07-31,0.0
990016,28,1,1,0,2,1,1,Project Management,0.39452054794520547,-0.7880441098272439,0.0,-0.7071067811865474,0.0,5,0.39452054794520547,1,1,2,2,-0.7956789516044418,0.0,-0.7071067811865475,0.0,0.39452054794520547,0.9899,0.39452054794520547,0.0,0.39452054794520547,0.39452054794520547,0.0,1.0,16,3.0625,0,1.0,1.0,4.0,0.6402172376065199,0.0,-0.7071067811865444,0.7071067811865475,0.0,8.0,0.0,585.5181984900419,2023-07-31,0.0
990017,25,1,2,0,1,0,0,Data Consultant,0.2493150684931507,-1.4435663943012282,0.0,-0.8194449715241738,0.0,7,0.2493150684931507,1,1,4,1,-0.5358429831875354,0.0,-0.040882673407568404,0.0,0.2493150684931507,0.9943,0.2493150684931507,0.0,0.2493150684931507,0.2493150684931507,0.0,0.0,18,2.8333333333333335,0,1.0,1.0,0.0,-2.2574214080985238,0.0,-1.4781145958332365,0.0,0.0,5.0,0.0,678.8924358516423,2023-07-31,0.0
990001,36,2,2,0,0,1,4,Business Development,3.287671232876712,1.5589562108247554,0.7071067811865476,0.5773502691896257,0.7071067811865476,7,3.287671232876712,1,2,3,2,-0.051279609903732024,0.7071067811865476,-0.5104455698540604,1.3560961139127856,3.287671232876712,0.9928,1.663013698630137,1.0,1.663013698630137,1.663013698630137,0.0,4.0,18,3.2777777777777777,0,1.0786106032906764,1.0786106032906764,4.271428571428571,0.26569244811754467,0.7071067811865476,0.5949313449708512,0.7071067811865476,0.0,15.0,0.0,0.0,2023-08-31,0.0
990002,36,2,1,0,4,0,4,Data Scientist,3.287671232876712,1.6449233979225302,0.0,0.5773502691896257,0.9918577117154925,5,3.287671232876712,1,1,3,3,1.1947815719752128,0.0,1.152208843994991,0.9706820901475868,3.287671232876712,0.9881,1.663013698630137,1.0,1.663013698630137,1.663013698630137,0.0,5.0,19,3.1052631578947367,1,1.0,1.0,4.228571428571429,0.912408800096449,0.0,0.5595888888339691,-0.7433580980592608,0.0,0.0,0.0,8.016643112499974,2023-08-31,0.0
990003,30,2,2,0,1,1,2,Data Scientist,2.5123287671232877,0.7707243951933518,0.0,1.425455819665246,0.01609039161531509,7,2.5123287671232877,1,1,4,3,-0.3305944775084603,0.0,-0.5046408861966861,0.62193276758108,2.5123287671232877,0.9862,1.663013698630137,1.0,1.663013698630137,1.663013698630137,0.0,5.0,20,3.05,0,1.0,1.0,4.433333333333334,0.36132887076118625,0.0,0.3934383269726927,1.1369006205612306,0.0,7.0,0.0,585.5181984900419,2023-08-31,0.0
990005,28,1,2,0,1,0,2,Data Engineer,1.8082191780821917,0.0549096368284373,0.0,-0.2550127383804801,0.7071067811865475,7,1.8082191780821917,1,1,4,2,-0.26167606953846095,0.0,-0.45074360776713407,0.5077949867536172,1.8082191780821917,0.9865,0.663013698630137,1.0,0.663013698630137,0.663013698630137,0.0,5.0,14,2.857142857142857,0,1.0,1.0,4.62,0.47159204039738445,0.0,0.6637763185122116,-0.7071067811865476,0.0,0.0,2.0,0.0,2023-08-31,0.0
990006,29,1,2,0,0,0,2,Software Development,1.8082191780821917,0.0549096368284373,0.0,-0.2550127383804801,0.7071067811865476,7,1.8082191780821917,1,1,4,2,2.231349681113152,0.0,1.4989140667601693,15.482096933728984,1.8082191780821917,9.802,1.5780821917808219,1.0,1.5780821917808219,1.5780821917808219,0.0,3.0,20,2.95,3,1.0,1.0,4.46,0.3770807521377858,0.0,0.43205804004976645,0.7071067811865476,0.0,0.0,0.0,8.016643112499974,2023-08-31,0.0
990008,32,1,1,0,0,0,2,Marketing,1.5315068493150685,0.12342859551511075,0.0,-0.9154303429042864,0.0,5,1.5315068493150685,1,1,4,1,-0.3271396617754891,0.0,-0.5435295727963491,0.0,1.5315068493150685,0.9925,1.5315068493150685,0.0,1.5315068493150685,1.5315068493150685,0.0,4.0,12,3.5833333333333335,0,1.0,1.0,3.133333333333333,-0.39184243683446124,0.0,-1.4892726855346734,0.0,0.0,22.0,0.0,678.8924358516423,2023-08-31,0.0
990009,24,1,2,0,2,0,0,Data Scientist,1.6986301369863013,-0.0565012205046233,0.0,1.4105200329514465,-1.0079481033308078,7,1.6986301369863013,1,1,4,3,-0.5148440081669275,0.0,1.3000643881711618,0.141053,0.41643835616438357,1.1448184749,1.6986301369863013,0.0,1.6986301369863013,1.6986301369863013,0.0,5.0,16,2.75,2,1.0,1.0,4.266666666666667,0.26287961215743755,0.0,0.497850607996051,-0.3935425225019616,0.0,4.0,0.0,0.0,2023-08-31,0.0
990011,21,1,2,0,0,0,0,Data Engineer,0.8301369863013699,-0.9394322648691285,0.0,-0.008955682748898037,-0.7071067811865477,7,0.8301369863013699,1,1,4,2,-0.5371125328080354,0.0,-0.12195324144563484,0.0,0.8301369863013699,0.9852,0.8301369863013699,0.0,0.8301369863013699,0.8301369863013699,0.0,4.0,11,3.090909090909091,0,1.0,1.0,4.7,0.5188476845271838,0.0,0.6985345740099631,0.7071067811865476,0.0,6.0,0.0,585.5181984900419,2023-08-31,0.0
990013,30,1,2,0,1,0,1,Software Development,0.726027397260274,0.0,0.0,0.7071067811865477,-0.7071067811865476,1,0.726027397260274,1,1,2,2,0.0,0.0,0.7071067811865475,0.0,0.726027397260274,0.9934,0.726027397260274,0.0,0.726027397260274,0.726027397260274,0.0,3.0,6,2.5,0,1.0,1.0,4.2,0.0,0.0,0.7071067811865506,-0.7071067811865476,0.0,5.0,0.0,678.8924358516423,2023-08-31,0.0
990014,33,1,1,0,0,1,4,Business Development,1.167123287671233,-0.19226377378315257,-0.7071067811865475,-1.1547005383792515,-0.7071067811865475,5,1.167123287671233,1,2,3,2,0.9205179481017226,-0.7071067811865476,-0.641763274140933,1.3900465304470968,1.167123287671233,0.9845,0.41643835616438357,1.0,0.41643835616438357,0.41643835616438357,0.0,4.0,10,2.8,6,0.9213893967093235,0.9213893967093235,2.1500000000000004,-1.562833221296342,-0.7071067811865476,-1.1545202338048206,-0.7071067811865476,0.0,4.0,0.0,8.016643112499974,2023-08-31,0.0
990015,23,1,2,0,2,0,0,Project Management,0.4794520547945205,-0.7880441098272437,0.0,-0.5821193786783748,0.0,5,0.4794520547945205,1,1,4,2,-0.9924809066970043,0.0,-1.1372284733179587,0.0,0.4794520547945205,0.9957,0.4794520547945205,0.0,0.4794520547945205,0.4794520547945205,0.0,1.0,16,3.0,0,1.0,1.0,3.8,0.4020496204278319,0.0,0.28172941382722266,-0.7071067811865475,2.0,8.0,8.0,0.0,2023-08-31,0.0
990016,28,1,1,0,2,1,1,Project Management,0.4794520547945205,-0.7880441098272437,0.0,-0.7071067811865474,0.0,5,0.4794520547945205,1,1,2,2,-0.7956789516044418,0.0,-0.7071067811865475,0.0,0.4794520547945205,0.9899,0.4794520547945205,0.0,0.4794520547945205,0.4794520547945205,0.0,1.0,16,3.0625,0,1.0,1.0,4.0,0.6402172376065199,0.0,-0.7071067811865444,0.7071067811865475,0.0,8.0,0.0,585.5181984900419,2023-08-31,0.0
990017,25,1,2,0,1,0,0,Data Consultant,0.33424657534246577,-1.4435663943012278,0.0,-0.8194449715241738,0.0,7,0.33424657534246577,1,1,4,1,-0.5358429831875354,0.0,-0.040882673407568404,0.0,0.33424657534246577,0.9943,0.33424657534246577,0.0,0.33424657534246577,0.33424657534246577,0.0,0.0,18,2.8333333333333335,0,1.0,1.0,0.0,-2.2574214080985238,0.0,-1.4781145958332365,0.0,3.0,5.0,0.0,678.8924358516423,2023-08-31,0.0
990001,36,2,2,0,0,1,4,Business Development,3.3698630136986303,1.5589562108247557,0.7071067811865475,0.5773502691896256,0.7071067811865475,7,3.3698630136986303,1,2,3,2,-0.051279609903732024,0.7071067811865476,-0.5104455698540604,1.3560961139127856,3.3698630136986303,0.9928,1.7452054794520548,1.0,1.7452054794520548,1.7452054794520548,0.0,4.0,18,3.2777777777777777,0,1.0786106032906764,1.0786106032906764,4.271428571428571,0.26569244811754467,0.7071067811865476,0.5949313449708512,0.7071067811865476,1.0,7.0,0.0,0.0,2023-09-30,0.0
990002,36,2,1,0,4,0,4,Data Scientist,3.3698630136986303,1.64492339792253,0.0,0.5773502691896256,0.9918577117154929,5,3.3698630136986303,1,1,3,3,1.1975139462507545,0.0,1.152208843994991,0.9706820901475868,3.3698630136986303,0.9881,1.7452054794520548,1.0,1.7452054794520548,1.7452054794520548,1.0,5.0,19,3.1052631578947367,1,1.0,1.0,4.228571428571429,0.912408800096449,0.0,0.5595888888339691,-0.7433580980592608,0.0,0.0,0.0,8.016643112499974,2023-09-30,0.0
990003,30,2,2,0,1,1,2,Data Scientist,2.5945205479452054,0.7707243951933516,0.0,1.4254558196652456,0.016090391615315086,7,2.5945205479452054,1,1,4,3,-0.3305944775084603,0.0,-0.5046408861966861,0.62193276758108,2.5945205479452054,0.9862,1.7452054794520548,1.0,1.7452054794520548,1.7452054794520548,1.0,5.0,20,3.05,0,1.0,1.0,4.433333333333334,0.36132887076118625,0.0,0.3934383269726927,1.1369006205612306,3.0,7.0,0.0,585.5181984900419,2023-09-30,0.0
990005,28,1,2,0,1,0,2,Data Engineer,1.8904109589041096,0.0549096368284373,0.0,-0.2550127383804801,0.7071067811865476,7,1.8904109589041096,1,1,4,2,-0.26167606953846095,0.0,-0.45074360776713407,0.5077949867536172,1.8904109589041096,0.9865,0.7452054794520548,1.0,0.7452054794520548,0.7452054794520548,1.0,5.0,14,2.857142857142857,0,1.0,1.0,4.62,0.47159204039738445,0.0,0.6637763185122116,-0.7071067811865476,0.0,0.0,2.0,0.0,2023-09-30,0.0
990006,29,1,2,0,0,0,2,Software Development,1.8904109589041096,0.0549096368284373,0.0,-0.2550127383804801,0.7071067811865475,7,1.8904109589041096,1,1,4,2,2.231349681113152,0.0,1.4989140667601693,15.482096933728984,1.8904109589041096,9.802,1.6602739726027398,1.0,1.6602739726027398,1.6602739726027398,0.0,3.0,20,2.95,3,1.0,1.0,4.46,0.3770807521377858,0.0,0.43205804004976645,0.7071067811865476,0.0,0.0,0.0,8.016643112499974,2023-09-30,0.0
990008,32,1,1,0,0,0,2,Marketing,1.6136986301369862,0.12342859551511033,0.0,-0.9154303429042869,0.0,5,1.6136986301369862,1,1,4,1,-0.33528948706608824,0.0,-0.5435295727963491,0.0,1.6136986301369862,0.9925,1.6136986301369862,0.0,1.6136986301369862,1.6136986301369862,0.0,4.0,12,3.5833333333333335,0,1.0,1.0,3.133333333333333,-0.39184243683446124,0.0,-1.4892726855346734,0.0,4.0,22.0,0.0,678.8924358516423,2023-09-30,0.0
990009,24,1,2,0,2,0,0,Data Scientist,1.7808219178082192,-0.0565012205046233,0.0,1.4105200329514467,-1.0079481033308075,7,1.7808219178082192,1,1,4,3,-0.5148440081669275,0.0,1.4164200702637104,0.141053,0.4986301369863014,1.1448184749,1.7808219178082192,0.0,1.7808219178082192,1.7808219178082192,1.0,5.0,16,2.75,2,1.0,1.0,4.266666666666667,0.26287961215743755,0.0,0.497850607996051,-0.3935425225019616,0.0,4.0,0.0,0.0,2023-09-30,0.0
990011,21,1,2,0,0,0,0,Data Engineer,0.9123287671232877,-0.9394322648691286,0.0,-0.008955682748898037,-0.7071067811865475,7,0.9123287671232877,1,1,4,2,-0.5371125328080354,0.0,-0.2897355124591962,0.0,0.9123287671232877,0.9852,0.9123287671232877,0.0,0.9123287671232877,0.9123287671232877,1.0,4.0,11,3.090909090909091,0,1.0,1.0,4.7,0.5188476845271838,0.0,0.6985345740099631,0.7071067811865476,0.0,6.0,0.0,585.5181984900419,2023-09-30,0.0
990013,30,1,2,0,1,0,1,Software Development,0.8082191780821918,0.0,0.0,0.7071067811865471,-0.7071067811865476,1,0.8082191780821918,1,1,2,2,0.0,0.0,0.7071067811865475,0.0,0.8082191780821918,0.9934,0.8082191780821918,0.0,0.8082191780821918,0.8082191780821918,0.0,3.0,6,2.5,0,1.0,1.0,4.2,0.0,0.0,0.7071067811865506,-0.7071067811865476,0.0,5.0,0.0,678.8924358516423,2023-09-30,0.0
990014,33,1,1,0,0,1,4,Business Development,1.2493150684931507,-0.1922637737831529,-0.7071067811865476,-1.1547005383792515,-0.7071067811865476,5,1.2493150684931507,1,2,3,2,0.9212892540758718,-0.7071067811865476,-0.641763274140933,1.3900465304470968,1.2493150684931507,0.9845,0.4986301369863014,1.0,0.4986301369863014,0.4986301369863014,0.0,4.0,10,2.8,6,0.9213893967093235,0.9213893967093235,2.1500000000000004,-1.562833221296342,-0.7071067811865476,-1.1545202338048206,-0.7071067811865476,0.0,4.0,0.0,8.016643112499974,2023-09-30,0.0
990015,23,1,2,0,2,0,0,Project Management,0.5616438356164384,-0.7880441098272437,0.0,-0.5821193786783747,0.0,5,0.5616438356164384,1,1,4,2,-0.97633473798241,0.0,-0.9342185864338756,0.061600000000000044,0.07945205479452055,1.05703512,0.5616438356164384,0.0,0.5616438356164384,0.5616438356164384,0.0,1.0,16,3.0,0,1.0,1.0,3.8,0.4020496204278319,0.0,0.28172941382722266,-0.7071067811865475,6.0,8.0,8.0,0.0,2023-09-30,0.0
990016,28,1,1,0,2,1,1,Project Management,0.5616438356164384,-0.7880441098272437,0.0,-0.7071067811865478,0.0,5,0.5616438356164384,1,1,2,2,-0.8071789752781273,0.0,-0.7071067811865475,0.0,0.5616438356164384,0.9899,0.5616438356164384,0.0,0.5616438356164384,0.5616438356164384,0.0,1.0,16,3.0625,0,1.0,1.0,4.0,0.6402172376065199,0.0,-0.7071067811865444,0.7071067811865475,0.0,8.0,0.0,585.5181984900419,2023-09-30,0.0
990017,25,1,2,0,1,0,0,Data Consultant,0.41643835616438357,-1.4435663943012278,0.0,-0.8194449715241738,0.0,7,0.41643835616438357,1,1,4,1,-0.5358429831875354,0.0,-0.19246597137063862,0.0,0.41643835616438357,0.9943,0.41643835616438357,0.0,0.41643835616438357,0.41643835616438357,1.0,0.0,18,2.8333333333333335,0,1.0,1.0,0.0,-2.2574214080985238,0.0,-1.4781145958332365,0.0,3.0,5.0,0.0,678.8924358516423,2023-09-30,0.0
990001,36,2,2,0,0,1,4,Business Development,3.4547945205479453,1.5589562108247554,0.7071067811865475,0.5773502691896256,0.7071067811865475,7,3.4547945205479453,1,2,3,2,-0.051279609903732024,0.7071067811865476,-0.5104455698540604,1.3560961139127856,3.4547945205479453,0.9928,1.83013698630137,1.0,1.83013698630137,1.83013698630137,0.0,5.0,18,3.2777777777777777,0,1.0786106032906764,1.0786106032906764,4.271428571428571,0.26569244811754467,0.7071067811865476,0.5949313449708512,0.7071067811865476,1.0,7.0,0.0,0.0,2023-10-31,0.0
990002,36,2,1,0,4,0,4,Data Scientist,3.4547945205479453,1.64492339792253,0.0,0.5773502691896256,0.9918577117154929,5,3.4547945205479453,1,1,3,3,1.1975139462507545,0.0,1.152208843994991,0.9706820901475868,3.4547945205479453,0.9881,1.83013698630137,1.0,1.83013698630137,1.83013698630137,1.0,6.0,19,3.1052631578947367,1,1.0,1.0,4.228571428571429,0.912408800096449,0.0,0.5595888888339691,-0.7433580980592608,0.0,0.0,0.0,8.016643112499974,2023-10-31,0.0
990003,30,2,2,0,1,1,2,Data Scientist,2.6794520547945204,0.7707243951933512,0.0,1.425455819665246,0.016090391615315086,7,2.6794520547945204,1,1,4,3,-0.3305944775084603,0.0,-0.5046408861966861,0.62193276758108,2.6794520547945204,0.9862,1.83013698630137,1.0,1.83013698630137,1.83013698630137,1.0,6.0,20,3.05,0,1.0,1.0,4.433333333333334,0.36132887076118625,0.0,0.3934383269726927,1.1369006205612306,3.0,7.0,0.0,585.5181984900419,2023-10-31,0.0
990005,28,1,2,0,1,0,2,Data Engineer,1.9753424657534246,0.05490963682843686,0.0,-0.25501273838047955,0.7071067811865476,7,1.9753424657534246,1,1,4,2,-0.26167606953846095,0.0,-0.45074360776713407,0.5077949867536172,1.9753424657534246,0.9865,0.8301369863013699,1.0,0.8301369863013699,0.8301369863013699,1.0,6.0,14,2.857142857142857,0,1.0,1.0,4.62,0.47159204039738445,0.0,0.6637763185122116,-0.7071067811865476,0.0,0.0,2.0,0.0,2023-10-31,0.0
990006,29,1,2,0,0,0,2,Software Development,1.9753424657534246,0.05490963682843686,0.0,-0.25501273838047955,0.7071067811865475,7,1.9753424657534246,1,1,4,2,2.231349681113152,0.0,1.4989140667601693,15.482096933728984,1.9753424657534246,9.802,1.7452054794520548,1.0,1.7452054794520548,1.7452054794520548,0.0,3.0,20,2.95,3,1.0,1.0,4.46,0.3770807521377858,0.0,0.43205804004976645,0.7071067811865476,0.0,0.0,0.0,8.016643112499974,2023-10-31,0.0
990008,32,1,1,0,0,0,2,Marketing,1.6986301369863013,0.12342859551511016,0.0,-0.9154303429042864,0.0,5,1.6986301369863013,1,1,4,1,-0.33528948706608824,0.0,-0.5435295727963491,0.0,1.6986301369863013,0.9925,1.6986301369863013,0.0,1.6986301369863013,1.6986301369863013,0.0,5.0,12,3.5833333333333335,0,1.0,1.0,3.133333333333333,-0.39184243683446124,0.0,-1.4892726855346734,0.0,4.0,13.0,0.0,678.8924358516423,2023-10-31,0.0
990009,24,1,2,0,2,0,0,Data Scientist,1.8657534246575342,-0.05650122050462376,0.0,1.4105200329514465,-1.0079481033308075,7,1.8657534246575342,1,1,4,3,-0.5148440081669275,0.0,1.4164200702637104,0.141053,0.5835616438356165,1.1448184749,1.8657534246575342,0.0,1.8657534246575342,1.8657534246575342,1.0,6.0,16,2.75,2,1.0,1.0,4.266666666666667,0.26287961215743755,0.0,0.497850607996051,-0.3935425225019616,0.0,4.0,0.0,0.0,2023-10-31,0.0
990011,21,1,2,0,0,0,0,Data Engineer,0.9972602739726028,-0.9394322648691291,0.0,-0.008955682748898217,-0.7071067811865475,7,0.9972602739726028,1,1,4,2,-0.5371125328080354,0.0,-0.2897355124591962,0.0,0.9972602739726028,0.9852,0.9972602739726028,0.0,0.9972602739726028,0.9972602739726028,1.0,5.0,11,3.090909090909091,0,1.0,1.0,4.7,0.5188476845271838,0.0,0.6985345740099631,0.7071067811865476,0.0,6.0,0.0,585.5181984900419,2023-10-31,0.0
990013,30,1,2,0,1,0,1,Software Development,0.8931506849315068,0.0,0.0,0.7071067811865471,-0.7071067811865476,1,0.8931506849315068,1,1,2,2,0.0,0.0,0.7071067811865475,0.0,0.8931506849315068,0.9934,0.8931506849315068,0.0,0.8931506849315068,0.8931506849315068,0.0,4.0,6,2.5,0,1.0,1.0,4.2,0.0,0.0,0.7071067811865506,-0.7071067811865476,0.0,5.0,0.0,678.8924358516423,2023-10-31,0.0
990014,33,1,1,0,0,1,4,Business Development,1.3342465753424657,-0.19226377378315312,-0.7071067811865476,-1.1547005383792515,-0.7071067811865476,5,1.3342465753424657,1,2,3,2,0.9212892540758718,-0.7071067811865476,-0.641763274140933,1.3900465304470968,1.3342465753424657,0.9845,0.5835616438356165,1.0,0.5835616438356165,0.5835616438356165,0.0,5.0,10,2.8,6,0.9213893967093235,0.9213893967093235,2.1500000000000004,-1.562833221296342,-0.7071067811865476,-1.1545202338048206,-0.7071067811865476,0.0,0.0,0.0,8.016643112499974,2023-10-31,0.0
990015,23,1,2,0,2,0,0,Project Management,0.6465753424657534,-0.788044109827244,0.0,-0.5821193786783749,0.0,5,0.6465753424657534,1,1,4,2,-0.97633473798241,0.0,-0.9342185864338756,0.061600000000000044,0.1643835616438356,1.05703512,0.6465753424657534,0.0,0.6465753424657534,0.6465753424657534,0.0,2.0,16,3.0,0,1.0,1.0,3.8,0.4020496204278319,0.0,0.28172941382722266,-0.7071067811865475,6.0,8.0,8.0,0.0,2023-10-31,0.0
990016,28,1,1,0,2,1,1,Project Management,0.6465753424657534,-0.788044109827244,0.0,-0.7071067811865478,0.0,5,0.6465753424657534,1,1,2,2,-0.8071789752781273,0.0,-0.7071067811865475,0.0,0.6465753424657534,0.9899,0.6465753424657534,0.0,0.6465753424657534,0.6465753424657534,0.0,2.0,16,3.0625,0,1.0,1.0,4.0,0.6402172376065199,0.0,-0.7071067811865444,0.7071067811865475,0.0,8.0,0.0,585.5181984900419,2023-10-31,0.0
990017,25,1,2,0,1,0,0,Data Consultant,0.5013698630136987,-1.4435663943012285,0.0,-0.8194449715241738,0.0,7,0.5013698630136987,1,1,4,1,-0.5358429831875354,0.0,-0.19246597137063862,0.0,0.5013698630136987,0.9943,0.5013698630136987,0.0,0.5013698630136987,0.5013698630136987,1.0,1.0,18,2.8333333333333335,0,1.0,1.0,0.0,-2.2574214080985238,0.0,-1.4781145958332365,0.0,3.0,5.0,0.0,678.8924358516423,2023-10-31,0.0
990001,36,2,2,0,0,1,4,Business Development,3.536986301369863,1.558956210824755,0.7071067811865476,0.5773502691896254,0.7071067811865476,7,3.536986301369863,1,2,3,2,-0.051279609903732024,0.7071067811865476,-0.5104455698540604,1.3560961139127856,3.536986301369863,0.9928,1.9123287671232876,1.0,1.9123287671232876,1.9123287671232876,0.0,5.0,18,3.2777777777777777,0,1.0786106032906764,1.0786106032906764,4.271428571428571,0.26569244811754467,0.7071067811865476,0.5949313449708512,0.7071067811865476,4.0,7.0,0.0,0.0,2023-11-30,0.0
990002,36,2,1,0,4,0,4,Data Scientist,3.536986301369863,1.6449233979225302,0.0,0.5773502691896254,0.9918577117154925,5,3.536986301369863,1,1,3,3,1.1975139462507545,0.0,1.152208843994991,0.9706820901475868,3.536986301369863,0.9881,1.9123287671232876,1.0,1.9123287671232876,1.9123287671232876,1.0,6.0,19,3.1052631578947367,1,1.0,1.0,4.228571428571429,0.912408800096449,0.0,0.5595888888339691,-0.7433580980592608,0.0,0.0,0.0,8.016643112499974,2023-11-30,0.0
990003,30,2,2,0,1,1,2,Data Scientist,2.7616438356164386,0.7707243951933513,0.0,1.4254558196652467,0.01609039161531509,7,2.7616438356164386,1,1,4,3,-0.3305944775084603,0.0,-0.5046408861966861,0.62193276758108,2.7616438356164386,0.9862,1.9123287671232876,1.0,1.9123287671232876,1.9123287671232876,1.0,6.0,20,3.05,0,1.0,1.0,4.433333333333334,0.36132887076118625,0.0,0.3934383269726927,1.1369006205612306,3.0,7.0,0.0,585.5181984900419,2023-11-30,0.0
990005,28,1,2,0,1,0,2,Data Engineer,2.0575342465753423,0.05490963682843663,0.0,-0.2550127383804795,0.7071067811865477,7,2.0575342465753423,1,1,4,2,-0.26167606953846095,0.0,-0.45074360776713407,0.5077949867536172,2.0575342465753423,0.9865,0.9123287671232877,1.0,0.9123287671232877,0.9123287671232877,1.0,6.0,14,2.857142857142857,0,1.0,1.0,4.62,0.47159204039738445,0.0,0.6637763185122116,-0.7071067811865476,0.0,0.0,2.0,0.0,2023-11-30,0.0
990006,29,1,2,0,0,0,2,Software Development,2.0575342465753423,0.05490963682843663,0.0,-0.2550127383804795,0.7071067811865476,7,2.0575342465753423,1,1,4,2,2.231349681113152,0.0,1.4989140667601693,15.482096933728984,2.0575342465753423,9.802,1.8273972602739725,1.0,1.8273972602739725,1.8273972602739725,0.0,3.0,20,2.95,3,1.0,1.0,4.46,0.3770807521377858,0.0,0.43205804004976645,0.7071067811865476,1.0,0.0,0.0,8.016643112499974,2023-11-30,0.0
990008,32,1,1,0,0,0,2,Marketing,1.7808219178082192,0.12342859551511055,0.0,-0.9154303429042856,0.0,5,1.7808219178082192,1,1,4,1,-0.33528948706608824,0.0,-0.5435295727963491,0.0,1.7808219178082192,0.9925,1.7808219178082192,0.0,1.7808219178082192,1.7808219178082192,0.0,5.0,12,3.5833333333333335,0,1.0,1.0,3.133333333333333,-0.39184243683446124,0.0,-1.4892726855346734,0.0,4.0,0.0,0.0,678.8924358516423,2023-11-30,0.0
990009,24,1,2,0,2,0,0,Data Scientist,1.9479452054794522,-0.05650122050462375,0.0,1.4105200329514467,-1.0079481033308078,7,1.9479452054794522,1,1,4,3,-0.5148440081669275,0.0,1.4164200702637104,0.141053,0.6657534246575343,1.1448184749,1.9479452054794522,0.0,1.9479452054794522,1.9479452054794522,1.0,6.0,16,2.75,2,1.0,1.0,4.266666666666667,0.26287961215743755,0.0,0.497850607996051,-0.3935425225019616,4.0,4.0,0.0,0.0,2023-11-30,0.0
990011,21,1,2,0,0,0,0,Data Engineer,1.0794520547945206,-0.9394322648691291,0.0,-0.008955682748898037,-0.7071067811865475,7,1.0794520547945206,1,1,4,2,-0.5371125328080354,0.0,-0.2897355124591962,0.0,1.0794520547945206,0.9852,1.0794520547945206,0.0,1.0794520547945206,1.0794520547945206,1.0,5.0,11,3.090909090909091,0,1.0,1.0,4.7,0.5188476845271838,0.0,0.6985345740099631,0.7071067811865476,0.0,6.0,0.0,585.5181984900419,2023-11-30,0.0
990013,30,1,2,0,1,0,1,Software Development,0.9753424657534246,0.0,0.0,0.7071067811865478,-0.7071067811865476,1,0.9753424657534246,1,1,2,2,0.0,0.0,0.7071067811865475,0.0,0.9753424657534246,0.9934,0.9753424657534246,0.0,0.9753424657534246,0.9753424657534246,0.0,4.0,6,2.5,0,1.0,1.0,4.2,0.0,0.0,0.7071067811865506,-0.7071067811865476,0.0,5.0,0.0,678.8924358516423,2023-11-30,0.0
990014,33,1,1,0,0,1,4,Business Development,1.4164383561643836,-0.19226377378315276,-0.7071067811865476,-1.154700538379252,-0.7071067811865476,5,1.4164383561643836,1,2,3,2,0.9212892540758718,-0.7071067811865476,-0.641763274140933,1.3900465304470968,1.4164383561643836,0.9845,0.6657534246575343,1.0,0.6657534246575343,0.6657534246575343,0.0,5.0,10,2.8,6,0.9213893967093235,0.9213893967093235,2.1500000000000004,-1.562833221296342,-0.7071067811865476,-1.1545202338048206,-0.7071067811865476,0.0,0.0,0.0,8.016643112499974,2023-11-30,0.0
990015,23,1,2,0,2,0,0,Project Management,0.7287671232876712,-0.7880441098272438,0.0,-0.5821193786783747,0.0,5,0.7287671232876712,1,1,4,2,-0.97633473798241,0.0,-0.9342185864338756,0.061600000000000044,0.2465753424657534,1.05703512,0.7287671232876712,0.0,0.7287671232876712,0.7287671232876712,0.0,2.0,16,3.0,0,1.0,1.0,3.8,0.4020496204278319,0.0,0.28172941382722266,-0.7071067811865475,4.0,8.0,8.0,0.0,2023-11-30,0.0
990016,28,1,1,0,2,1,1,Project Management,0.7287671232876712,-0.7880441098272438,0.0,-0.7071067811865471,0.0,5,0.7287671232876712,1,1,2,2,-0.8071789752781273,0.0,-0.7071067811865475,0.0,0.7287671232876712,0.9899,0.7287671232876712,0.0,0.7287671232876712,0.7287671232876712,0.0,2.0,16,3.0625,0,1.0,1.0,4.0,0.6402172376065199,0.0,-0.7071067811865444,0.7071067811865475,4.0,0.0,0.0,585.5181984900419,2023-11-30,0.0
990017,25,1,2,0,1,0,0,Data Consultant,0.5835616438356165,-1.4435663943012285,0.0,-0.8194449715241736,0.0,7,0.5835616438356165,1,1,4,1,-0.5358429831875354,0.0,-0.19246597137063862,0.0,0.5835616438356165,0.9943,0.5835616438356165,0.0,0.5835616438356165,0.5835616438356165,1.0,1.0,18,2.8333333333333335,0,1.0,1.0,0.0,-2.2574214080985238,0.0,-1.4781145958332365,0.0,3.0,5.0,0.0,678.8924358516423,2023-11-30,0.0
990001,36,2,2,0,0,1,4,Business Development,3.621917808219178,1.5589562108247554,0.7071067811865476,0.5773502691896257,0.7071067811865476,7,3.621917808219178,1,2,3,2,-0.051279609903732024,0.7071067811865476,-0.5104455698540604,1.3560961139127856,3.621917808219178,0.9928,1.9972602739726026,1.0,1.9972602739726026,1.9972602739726026,1.0,5.0,18,3.2777777777777777,0,1.0786106032906764,1.0786106032906764,4.2625,0.052623212620120645,0.7071067811865477,0.5942638183934862,0.7071067811865477,3.0,0.0,0.0,0.0,2023-12-31,0.0
990002,36,2,1,0,4,0,4,Data Scientist,3.621917808219178,1.64492339792253,0.0,0.5773502691896257,0.9918577117154929,5,3.621917808219178,1,1,3,3,1.1975139462507545,0.0,1.152208843994991,0.9706820901475868,3.621917808219178,0.9881,1.9972602739726026,1.0,1.9972602739726026,1.9972602739726026,2.0,6.0,19,3.1052631578947367,1,1.0,1.0,4.225,1.0862025652621543,0.0,0.5602699135277566,-0.782396929905507,0.0,0.0,0.0,8.016643112499974,2023-12-31,0.0
990003,30,2,2,0,1,1,2,Data Scientist,2.8465753424657536,0.7707243951933518,0.0,1.4254558196652467,0.016090391615315645,7,2.8465753424657536,1,1,4,3,-0.3305944775084603,0.0,-0.5046408861966861,0.62193276758108,2.8465753424657536,0.9862,1.9972602739726026,1.0,1.9972602739726026,1.9972602739726026,2.0,6.0,20,3.05,0,1.0,1.0,4.442857142857143,0.37335262057206264,0.0,0.4463784791243774,1.1266515790639322,0.0,7.0,0.0,585.5181984900419,2023-12-31,0.0
990005,28,1,2,0,1,0,2,Data Engineer,2.1424657534246574,0.05490963682843708,0.0,-0.2550127383804795,0.7071067811865477,7,2.1424657534246574,1,1,4,2,-0.26167606953846095,0.0,-0.45074360776713407,0.5077949867536172,2.1424657534246574,0.9865,0.9972602739726028,1.0,0.9972602739726028,0.9972602739726028,1.0,6.0,14,2.857142857142857,0,1.0,1.0,4.583333333333333,0.6231616643894159,0.0,0.6351693771052961,-0.7071067811865569,0.0,0.0,2.0,0.0,2023-12-31,0.0
990006,29,1,2,0,0,0,2,Software Development,2.1424657534246574,0.05490963682843708,0.0,-0.2550127383804795,0.7071067811865476,7,2.1424657534246574,1,1,4,2,2.231349681113152,0.0,1.4989140667601693,15.482096933728984,2.1424657534246574,9.802,1.9123287671232876,1.0,1.9123287671232876,1.9123287671232876,1.0,3.0,20,2.95,3,1.0,1.0,4.416666666666667,0.32677805308069174,0.0,0.4111801761109858,0.7071067811865475,1.0,0.0,0.0,8.016643112499974,2023-12-31,0.0
990008,32,1,1,0,0,0,2,Marketing,1.8657534246575342,0.12342859551511036,0.0,-0.9154303429042856,0.0,5,1.8657534246575342,1,1,4,1,-0.33528948706608824,0.0,-0.5435295727963491,0.0,1.8657534246575342,0.9925,1.8657534246575342,0.0,1.8657534246575342,1.8657534246575342,1.0,5.0,12,3.5833333333333335,0,1.0,1.0,3.0,-0.5497787574175249,0.0,-1.4927280323406593,0.0,0.0,0.0,0.0,678.8924358516423,2023-12-31,0.0
990009,24,1,2,0,2,0,0,Data Scientist,2.032876712328767,-0.05650122050462352,0.0,1.410520032951446,-1.0079481033308075,7,2.032876712328767,1,1,4,3,-0.5148440081669275,0.0,1.4164200702637104,0.141053,0.7506849315068493,1.1448184749,2.032876712328767,0.0,2.032876712328767,2.032876712328767,2.0,6.0,16,2.75,2,1.0,1.0,4.275,0.07485198346827536,0.0,0.5260967066223031,-0.34425464915841747,4.0,0.0,0.0,0.0,2023-12-31,0.0
990011,21,1,2,0,0,0,0,Data Engineer,1.1643835616438356,-0.9394322648691287,0.0,-0.0089556827488984,-0.7071067811865475,7,1.1643835616438356,1,1,4,2,-0.5371125328080354,0.0,-0.2897355124591962,0.0,1.1643835616438356,0.9852,1.1643835616438356,0.0,1.1643835616438356,1.1643835616438356,1.0,5.0,11,3.090909090909091,0,1.0,1.0,4.65,0.7417151089129072,0.0,1.04356887707047,0.707106781186538,0.0,0.0,0.0,585.5181984900419,2023-12-31,0.0
990013,30,1,2,0,1,0,1,Software Development,1.0602739726027397,0.0,0.0,0.7071067811865478,-0.7071067811865476,1,1.0602739726027397,1,1,2,2,0.0,0.0,0.7071067811865475,0.0,1.0602739726027397,0.9934,1.0602739726027397,0.0,1.0602739726027397,1.0602739726027397,0.0,4.0,6,2.5,0,1.0,1.0,3.8,0.0,0.0,-0.7071067811865538,-0.7071067811865475,1.0,5.0,0.0,678.8924358516423,2023-12-31,0.0
990014,33,1,1,0,0,1,4,Business Development,1.5013698630136987,-0.19226377378315296,-0.7071067811865476,-1.1547005383792515,-0.7071067811865476,5,1.5013698630136987,1,2,3,2,0.9212892540758718,-0.7071067811865476,-0.641763274140933,1.3900465304470968,1.5013698630136987,0.9845,0.7506849315068493,1.0,0.7506849315068493,0.7506849315068493,1.0,5.0,10,2.8,6,0.9213893967093235,0.9213893967093235,2.3333333333333335,-1.440108728943881,-0.7071067811865474,-1.1545337319212434,-0.7071067811865474,0.0,0.0,0.0,8.016643112499974,2023-12-31,0.0
990015,23,1,2,0,2,0,0,Project Management,0.8136986301369863,-0.7880441098272439,0.0,-0.5821193786783752,0.0,5,0.8136986301369863,1,1,4,2,-0.97633473798241,0.0,-0.9342185864338756,0.061600000000000044,0.3315068493150685,1.05703512,0.8136986301369863,0.0,0.8136986301369863,0.8136986301369863,0.0,2.0,16,3.0,0,1.0,1.0,3.65,0.3182929648206723,0.0,-0.33635691079130897,-0.7071067811865475,4.0,8.0,8.0,0.0,2023-12-31,0.0
990016,28,1,1,0,2,1,1,Project Management,0.8136986301369863,-0.7880441098272439,0.0,-0.7071067811865471,0.0,5,0.8136986301369863,1,1,2,2,-0.8071789752781273,0.0,-0.7071067811865475,0.0,0.8136986301369863,0.9899,0.8136986301369863,0.0,0.8136986301369863,0.8136986301369863,0.0,2.0,16,3.0625,0,1.0,1.0,3.85,0.5853919562785794,0.0,0.7071067811865412,0.7071067811865475,4.0,0.0,0.0,585.5181984900419,2023-12-31,0.0
990017,25,1,2,0,1,0,0,Data Consultant,0.6684931506849315,-1.443566394301228,0.0,-0.819444971524174,0.0,7,0.6684931506849315,1,1,4,1,-0.5358429831875354,0.0,-0.19246597137063862,0.0,0.6684931506849315,0.9943,0.6684931506849315,0.0,0.6684931506849315,0.6684931506849315,1.0,1.0,18,2.8333333333333335,0,1.0,1.0,3.0,-2.1924826430434736,0.0,-1.2333086729014648,0.0,3.0,5.0,0.0,678.8924358516423,2023-12-31,0.0
990001,37,2,2,0,0,1,4,Business Development,3.706849315068493,1.4149686512514796,0.7071067811865476,0.5773502691896257,0.7071067811865476,6,3.706849315068493,1,2,3,2,-0.15959341190837384,0.7071067811865476,-0.5104455698540604,1.3560961139127856,3.706849315068493,0.9928,2.0821917808219177,1.0,2.0821917808219177,2.0821917808219177,1.0,6.0,18,3.2777777777777777,0,1.0786106032906764,1.0786106032906764,4.2625,0.05945896484480579,0.7071067811865477,0.5942638183934862,0.7071067811865477,3.0,0.0,0.0,0.0,2024-01-31,0.0
990002,37,2,1,0,4,0,4,Data Scientist,3.706849315068493,1.64492339792253,0.0,0.5773502691896257,0.9918577117154929,5,3.706849315068493,1,1,3,3,1.1975139462507545,0.0,1.152208843994991,0.9706820901475868,3.706849315068493,0.9881,2.0821917808219177,1.0,2.0821917808219177,2.0821917808219177,2.0,7.0,19,3.1052631578947367,1,1.0,1.0,4.225,1.0862025652621543,0.0,0.5602699135277566,-0.782396929905507,1.0,0.0,0.0,8.016643112499974,2024-01-31,0.0
990003,31,2,2,0,1,1,3,Data Scientist,2.9315068493150687,0.6951913085837109,0.0,0.0,0.016090391615315645,6,2.9315068493150687,1,1,1,3,-0.2552962420736487,0.0,0.0,1.4632425498322477,2.9315068493150687,0.9985,0.0821917808219178,2.0,0.0821917808219178,0.0821917808219178,2.0,7.0,20,3.05,0,1.0,1.0,4.442857142857143,0.3524031331045791,0.0,0.0,1.1266515790639322,0.0,0.0,0.0,585.5181984900419,2024-01-31,0.0
990005,29,1,2,0,1,0,2,Data Engineer,2.2273972602739724,0.041541919659270385,0.0,0.5773502691896248,0.7071067811865477,6,2.2273972602739724,1,1,3,2,-0.3591570859686608,0.0,-0.5366585881255594,0.5077949867536172,2.2273972602739724,0.9865,1.082191780821918,1.0,1.082191780821918,1.082191780821918,1.0,7.0,14,2.857142857142857,0,1.0,1.0,4.583333333333333,0.5805708681187911,0.0,0.6704783996548057,-0.7071067811865569,0.0,0.0,2.0,0.0,2024-01-31,0.0
990006,30,1,2,0,0,0,2,Software Development,2.2273972602739724,0.041541919659270385,0.0,0.5773502691896248,0.7071067811865476,6,2.2273972602739724,1,1,3,2,2.0055090267153868,0.0,1.1537660054336776,15.482096933728984,2.2273972602739724,9.802,1.9972602739726026,1.0,1.9972602739726026,1.9972602739726026,1.0,4.0,20,2.95,3,1.0,1.0,4.416666666666667,0.30986338589853957,0.0,0.47891314261057605,0.7071067811865475,3.0,0.0,0.0,8.016643112499974,2024-01-31,0.0
990008,33,1,1,0,0,0,2,Marketing,1.9506849315068493,0.12342859551511036,0.0,-1.1547005383792526,0.0,5,1.9506849315068493,1,1,3,1,-0.33528948706608824,0.0,-0.6171074173081184,0.0,1.9506849315068493,0.9925,1.9506849315068493,0.0,1.9506849315068493,1.9506849315068493,1.0,6.0,12,3.5833333333333335,0,1.0,1.0,3.0,-0.5497787574175249,0.0,-1.1493915422653818,0.0,0.0,0.0,0.0,678.8924358516423,2024-01-31,0.0
990009,25,1,2,0,2,0,0,Data Scientist,2.117808219178082,0.0,0.0,1.4105200329514465,-1.0079481033308075,1,0.0821917808219178,2,1,4,3,0.0,0.0,1.2369297428738082,0.141053,0.8356164383561644,1.1448184749,2.117808219178082,0.0,2.117808219178082,2.117808219178082,2.0,7.0,16,2.75,2,1.0,1.0,4.275,0.0,0.0,0.5260967066223031,-0.34425464915841747,4.0,0.0,0.0,0.0,2024-01-31,0.0
990011,22,1,2,0,0,0,0,Data Engineer,1.2493150684931507,-0.8664457528933566,0.0,-0.008955682748898037,-0.7071067811865475,6,1.2493150684931507,1,1,4,2,-0.6204120171384934,0.0,-0.44911239775226597,0.0,1.2493150684931507,0.9852,1.2493150684931507,0.0,1.2493150684931507,1.2493150684931507,1.0,6.0,11,3.090909090909091,0,1.0,1.0,4.65,0.6888538610068932,0.0,1.04356887707047,0.707106781186538,0.0,0.0,0.0,585.5181984900419,2024-01-31,0.0
990013,31,1,2,0,1,0,1,Software Development,1.1452054794520548,0.0,0.0,0.7071067811865478,-0.7071067811865476,1,1.1452054794520548,1,1,2,2,0.0,0.0,0.7071067811865475,0.0,1.1452054794520548,0.9934,1.1452054794520548,0.0,1.1452054794520548,1.1452054794520548,0.0,5.0,6,2.5,0,1.0,1.0,3.8,0.0,0.0,-0.7071067811865538,-0.7071067811865475,1.0,8.0,0.0,678.8924358516423,2024-01-31,0.0
990014,34,1,1,0,0,1,4,Business Development,1.5863013698630137,-0.19226377378315296,-0.7071067811865476,-1.1547005383792515,-0.7071067811865476,5,1.5863013698630137,1,2,3,2,0.9212892540758718,-0.7071067811865476,-0.641763274140933,1.3900465304470968,1.5863013698630137,0.9845,0.8356164383561644,1.0,0.8356164383561644,0.8356164383561644,1.0,6.0,10,2.8,6,0.9213893967093235,0.9213893967093235,2.3333333333333335,-1.440108728943881,-0.7071067811865474,-1.1545337319212434,-0.7071067811865474,0.0,0.0,0.0,8.016643112499974,2024-01-31,0.0
990015,24,1,2,0,2,0,0,Project Management,0.8986301369863013,-0.7880441098272439,0.0,-0.5821193786783747,0.0,5,0.8986301369863013,1,1,4,2,-0.97633473798241,0.0,-1.0859978217107078,0.061600000000000044,0.41643835616438357,1.05703512,0.8986301369863013,0.0,0.8986301369863013,0.8986301369863013,0.0,3.0,16,3.0,0,1.0,1.0,3.65,0.3182929648206723,0.0,-0.33635691079130897,-0.7071067811865475,0.0,8.0,0.0,0.0,2024-01-31,0.0
990016,29,1,1,0,2,1,1,Project Management,0.8986301369863013,-0.7880441098272439,0.0,-0.7071067811865471,0.0,5,0.8986301369863013,1,1,2,2,-0.8071789752781273,0.0,-0.7071067811865475,0.0,0.8986301369863013,0.9899,0.8986301369863013,0.0,0.8986301369863013,0.8986301369863013,0.0,3.0,16,3.0625,0,1.0,1.0,3.85,0.5853919562785794,0.0,0.7071067811865412,0.7071067811865475,4.0,0.0,0.0,585.5181984900419,2024-01-31,0.0
990017,26,1,2,0,1,0,0,Data Consultant,0.7534246575342466,-1.3267980462603748,0.0,-0.8194449715241736,0.0,6,0.7534246575342466,2,1,4,1,-0.6110502696262107,0.0,0.29818047658916574,0.062000000000000034,0.0821917808219178,1.0559466,0.7534246575342466,0.0,0.7534246575342466,0.7534246575342466,1.0,2.0,18,2.8333333333333335,0,1.0,1.0,3.0,-1.9911502129736074,0.0,-1.2333086729014648,0.0,3.0,0.0,0.0,678.8924358516423,2024-01-31,0.0
990001,37,2,2,0,0,1,4,Business Development,3.786301369863014,1.4149686512514796,0.7071067811865475,0.5773502691896256,1.0377827271079036,6,3.786301369863014,1,2,3,3,-0.15959341190837384,0.7071067811865476,-0.5104455698540604,1.3560961139127856,3.786301369863014,0.9928,2.1616438356164385,1.0,2.1616438356164385,2.1616438356164385,1.0,6.0,18,3.2777777777777777,0,1.0786106032906764,1.0786106032906764,4.2625,0.05945896484480579,0.7071067811865477,0.5942638183934862,0.9669457819397896,0.0,0.0,0.0,0.0,2024-02-29,0.0
990002,37,2,1,0,4,0,4,Data Scientist,3.786301369863014,1.64492339792253,0.0,0.5773502691896256,0.9918577117154929,5,3.786301369863014,1,1,3,3,1.1975139462507545,0.0,1.152208843994991,0.9706820901475868,3.786301369863014,0.9881,2.1616438356164385,1.0,2.1616438356164385,2.1616438356164385,2.0,7.0,19,3.1052631578947367,1,1.0,1.0,4.225,1.0862025652621543,0.0,0.5602699135277566,-0.782396929905507,1.0,0.0,0.0,8.016643112499974,2024-02-29,0.0
990003,31,2,2,0,1,1,3,Data Scientist,3.010958904109589,0.6951913085837105,0.0,0.0,0.016090391615315086,6,3.010958904109589,1,1,1,3,-0.2552962420736487,0.0,0.0,1.4632425498322477,3.010958904109589,0.9985,0.16164383561643836,2.0,0.16164383561643836,0.16164383561643836,2.0,7.0,20,3.05,0,1.0,1.0,4.442857142857143,0.3524031331045791,0.0,0.0,1.1266515790639322,0.0,0.0,0.0,585.5181984900419,2024-02-29,0.0
990005,29,1,2,0,1,0,2,Data Engineer,2.3068493150684932,0.041541919659270385,0.0,0.5773502691896248,0.7071067811865475,6,2.3068493150684932,1,1,3,2,-0.3591570859686608,0.0,-0.5366585881255594,0.5077949867536172,2.3068493150684932,0.9865,1.1616438356164382,1.0,1.1616438356164382,1.1616438356164382,1.0,7.0,14,2.857142857142857,0,1.0,1.0,4.583333333333333,0.5805708681187911,0.0,0.6704783996548057,-0.7071067811865569,0.0,0.0,0.0,0.0,2024-02-29,0.0
990006,30,1,2,0,0,0,2,Software Development,2.3068493150684932,0.041541919659270385,0.0,0.5773502691896248,0.7071067811865477,6,2.3068493150684932,1,1,3,2,2.0055090267153868,0.0,1.1537660054336776,15.482096933728984,2.3068493150684932,9.802,2.0767123287671234,1.0,2.0767123287671234,2.0767123287671234,1.0,4.0,20,2.95,3,1.0,1.0,4.416666666666667,0.30986338589853957,0.0,0.47891314261057605,0.7071067811865475,5.0,0.0,0.0,8.016643112499974,2024-02-29,0.0
990008,33,1,1,0,0,0,2,Marketing,2.03013698630137,0.12342859551511072,0.0,-1.1547005383792526,0.7071067811865476,5,2.03013698630137,1,1,3,2,-0.33528948706608824,0.0,-0.6171074173081184,0.0,2.03013698630137,0.9925,2.03013698630137,0.0,2.03013698630137,2.03013698630137,1.0,6.0,12,3.5833333333333335,0,1.0,1.0,3.0,-0.5497787574175249,0.0,-1.1493915422653818,0.7071067811865476,3.0,0.0,0.0,678.8924358516423,2024-02-29,0.0
990009,25,1,2,0,2,0,0,Data Scientist,2.197260273972603,0.0,0.0,1.564908749605455,-1.0079481033308075,1,0.16164383561643836,2,1,6,3,0.0,0.0,1.1892815246357396,0.141053,0.915068493150685,1.1448184749,2.197260273972603,0.0,2.197260273972603,2.197260273972603,2.0,7.0,16,2.75,2,1.0,1.0,4.275,0.0,0.0,0.804349879694401,-0.34425464915841747,3.0,0.0,0.0,0.0,2024-02-29,0.0
990011,22,1,2,0,0,0,0,Data Engineer,1.3287671232876712,-0.8664457528933568,0.0,0.5249169809997333,-0.7071067811865475,6,1.3287671232876712,1,1,6,2,-0.6204120171384934,0.0,0.36742096638379823,0.0,1.3287671232876712,0.9852,1.3287671232876712,0.0,1.3287671232876712,1.3287671232876712,1.0,6.0,11,3.090909090909091,0,1.0,1.0,4.65,0.6888538610068932,0.0,0.9839813664747883,0.707106781186538,0.0,0.0,0.0,585.5181984900419,2024-02-29,0.0
990013,31,1,2,0,1,0,1,Software Development,1.2246575342465753,0.0,0.0,0.7071067811865478,-0.7071067811865475,1,1.2246575342465753,1,1,2,2,0.0,0.0,0.7071067811865475,0.0,1.2246575342465753,0.9934,1.2246575342465753,0.0,1.2246575342465753,1.2246575342465753,0.0,5.0,6,2.5,0,1.0,1.0,3.8,0.0,0.0,-0.7071067811865538,-0.7071067811865475,4.0,8.0,0.0,678.8924358516423,2024-02-29,0.0
990014,34,1,1,0,0,1,4,Business Development,1.6657534246575343,-0.1922637737831527,-0.7071067811865476,-1.1547005383792515,-0.08042214172947572,5,1.6657534246575343,1,2,3,3,0.9212892540758718,-0.7071067811865476,-0.641763274140933,1.3900465304470968,1.6657534246575343,0.9845,0.915068493150685,1.0,0.915068493150685,0.915068493150685,1.0,6.0,10,2.8,6,0.9213893967093235,0.9213893967093235,2.3333333333333335,-1.440108728943881,-0.7071067811865474,-1.1545337319212434,0.06311826436619093,0.0,0.0,0.0,8.016643112499974,2024-02-29,0.0
990015,24,1,2,0,2,0,0,Project Management,0.9780821917808219,-0.7880441098272436,0.0,0.10498339619994664,0.0,5,0.9780821917808219,1,1,6,2,-0.97633473798241,0.0,0.05697142454574846,0.061600000000000044,0.4958904109589041,1.05703512,0.9780821917808219,0.0,0.9780821917808219,0.9780821917808219,0.0,3.0,16,3.0,0,1.0,1.0,3.65,0.3182929648206723,0.0,0.5049640683937553,-0.7071067811865475,3.0,0.0,0.0,0.0,2024-02-29,0.0
990016,29,1,1,0,2,1,1,Project Management,0.9780821917808219,-0.7880441098272436,0.0,-0.7071067811865471,0.0,5,0.9780821917808219,1,1,2,2,-0.8071789752781273,0.0,-0.7071067811865475,0.0,0.9780821917808219,0.9899,0.9780821917808219,0.0,0.9780821917808219,0.9780821917808219,0.0,3.0,16,3.0625,0,1.0,1.0,3.85,0.5853919562785794,0.0,0.7071067811865412,0.7071067811865475,0.0,0.0,0.0,585.5181984900419,2024-02-29,0.0
990017,26,1,2,0,1,0,0,Data Consultant,0.8328767123287671,-1.3267980462603748,0.0,-0.06889535375621499,0.0,6,0.8328767123287671,2,1,6,1,-0.6110502696262107,0.0,0.7316885751731541,0.062000000000000034,0.16164383561643836,1.0559466,0.8328767123287671,0.0,0.8328767123287671,0.8328767123287671,1.0,2.0,18,2.8333333333333335,0,1.0,1.0,3.0,-1.9911502129736074,0.0,0.19360282464108394,0.0,1.0,0.0,0.0,678.8924358516423,2024-02-29,0.3333333333333333
990018,23,1,2,0,0,0,0,Marketing,0.0027397260273972603,0.0,0.0,-1.06295688652446,-0.7071067811865476,1,0.0027397260273972603,1,1,6,2,0.0,0.0,-1.4569652300452658,0.0,0.0027397260273972603,1.0094,0.0027397260273972603,0.0,0.0027397260273972603,0.0027397260273972603,0.0,0.0,7,2.7142857142857144,0,1.0,1.0,0.0,0.0,0.0,-1.2434490696020146,-0.7071067811865476,0.0,0.0,0.0,0.0,2024-02-29,0.0
990019,23,1,2,0,0,0,0,Business Development,0.0027397260273972603,0.0,0.0,-1.06295688652446,-0.9573605853784282,1,0.0027397260273972603,1,1,6,3,0.0,0.0,-0.8883972606931759,0.0,0.0027397260273972603,0.9884,0.0027397260273972603,0.0,0.0027397260273972603,0.0027397260273972603,0.0,0.0,16,3.0,0,1.0,1.0,0.0,0.0,0.0,-1.2434490696020146,-1.0300640463059805,0.0,0.0,0.0,8.016643112499974,2024-02-29,0.0
990001,37,2,2,0,0,1,4,Business Development,3.871232876712329,1.4149686512514796,0.7071067811865475,0.8584742754438364,1.0377827271079039,6,3.871232876712329,1,2,4,3,-0.15959341190837384,0.7071067811865476,0.2094679213605674,1.3560961139127856,3.871232876712329,0.9928,2.2465753424657535,1.0,2.2465753424657535,2.2465753424657535,1.0,6.0,18,3.2777777777777777,0,1.0786106032906764,1.0786106032906764,4.2625,0.05945896484480579,0.7071067811865477,0.8493702817468274,0.9669457819397896,0.0,0.0,0.0,0.0,2024-03-31,0.0
990002,37,2,1,0,4,0,4,Data Scientist,3.871232876712329,1.64492339792253,0.0,0.8584742754438364,0.9918577117154923,5,3.871232876712329,1,1,4,3,1.0471981707471847,0.0,1.0209148188531936,0.9706820901475868,3.871232876712329,0.9881,2.2465753424657535,1.0,2.2465753424657535,2.2465753424657535,2.0,7.0,19,3.1052631578947367,1,1.0,1.0,4.225,1.0862025652621543,0.0,0.8099156622076193,-0.782396929905507,1.0,0.0,0.0,8.016643112499974,2024-03-31,0.0
990003,31,2,2,0,1,1,3,Data Scientist,3.095890410958904,0.6951913085837105,0.0,0.0,0.016090391615314528,6,3.095890410958904,1,1,1,3,-0.2552962420736487,0.0,0.0,1.4632425498322477,3.095890410958904,0.9985,0.2465753424657534,2.0,0.2465753424657534,0.2465753424657534,2.0,7.0,20,3.05,0,1.0,1.0,4.442857142857143,0.3524031331045791,0.0,0.0,1.1266515790639322,0.0,0.0,0.0,585.5181984900419,2024-03-31,0.0
990005,29,1,2,0,1,0,2,Data Engineer,2.3917808219178083,0.041541919659270385,0.0,0.0,0.7071067811865475,6,2.3917808219178083,1,1,2,2,-0.3591570859686608,0.0,-0.7071067811865476,0.5077949867536172,2.3917808219178083,0.9865,1.2465753424657535,1.0,1.2465753424657535,1.2465753424657535,1.0,7.0,14,2.857142857142857,0,1.0,1.0,4.583333333333333,0.5805708681187911,0.0,0.7071067811865476,-0.7071067811865569,0.0,0.0,0.0,0.0,2024-03-31,0.0
990006,30,1,2,0,0,0,2,Software Development,2.3917808219178083,0.041541919659270385,0.0,0.0,0.7071067811865477,6,2.3917808219178083,1,1,2,2,2.0055090267153868,0.0,0.7071067811865476,15.482096933728984,2.3917808219178083,9.802,2.1616438356164385,1.0,2.1616438356164385,2.1616438356164385,1.0,4.0,20,2.95,3,1.0,1.0,4.416666666666667,0.30986338589853957,0.0,-0.7071067811865476,0.7071067811865475,5.0,0.0,0.0,8.016643112499974,2024-03-31,0.0
990008,33,1,1,0,0,0,4,Marketing,2.115068493150685,0.12342859551511053,0.0,-0.6970932455724155,0.7071067811865476,5,2.115068493150685,1,1,4,2,0.28742427543435684,0.0,-1.3757619713198357,0.6802489257667803,2.115068493150685,1.0125,0.0821917808219178,1.0,0.0821917808219178,0.0821917808219178,1.0,6.0,12,3.5833333333333335,0,1.0,1.0,3.0,-0.5497787574175249,0.0,-0.4789352427398244,0.7071067811865476,3.0,0.0,0.0,678.8924358516423,2024-03-31,0.0
990009,25,1,2,0,2,0,0,Data Scientist,2.282191780821918,0.0,0.0,1.564908749605455,-1.007948103330808,1,0.2465753424657534,2,1,6,3,0.0,0.0,1.1892815246357396,0.141053,1.0,1.1448184749,2.282191780821918,0.0,2.282191780821918,2.282191780821918,2.0,7.0,16,2.75,2,1.0,1.0,4.275,0.0,0.0,0.804349879694401,-0.34425464915841747,0.0,0.0,0.0,0.0,2024-03-31,0.0
990011,22,1,2,0,0,0,0,Data Engineer,1.4136986301369863,-0.8664457528933568,0.0,0.5249169809997334,-0.7071067811865475,6,1.4136986301369863,1,1,6,2,-0.6204120171384934,0.0,0.36742096638379823,0.0,1.4136986301369863,0.9852,1.4136986301369863,0.0,1.4136986301369863,1.4136986301369863,1.0,6.0,11,3.090909090909091,0,1.0,1.0,4.65,0.6888538610068932,0.0,0.9839813664747883,0.707106781186538,0.0,0.0,0.0,585.5181984900419,2024-03-31,0.0
990013,31,1,2,0,1,0,1,Software Development,1.3095890410958904,0.0,0.0,0.7071067811865469,-0.7071067811865475,1,1.3095890410958904,1,1,2,2,0.0,0.0,0.7071067811865475,0.0,1.3095890410958904,0.9934,1.3095890410958904,0.0,1.3095890410958904,1.3095890410958904,0.0,5.0,6,2.5,0,1.0,1.0,3.8,0.0,0.0,-0.7071067811865538,-0.7071067811865475,3.0,8.0,0.0,678.8924358516423,2024-03-31,0.0
990014,34,1,1,0,0,1,4,Business Development,1.7506849315068493,-0.1922637737831529,-0.7071067811865476,-1.0198553053152573,-0.0804221417294756,5,1.7506849315068493,1,2,4,3,0.7696433971059673,-0.7071067811865476,0.14537923110607473,1.3900465304470968,1.7506849315068493,0.9845,1.0,1.0,1.0,1.0,1.0,6.0,10,2.8,6,0.9213893967093235,0.9213893967093235,2.3333333333333335,-1.440108728943881,-0.7071067811865474,-1.1803507012146237,0.06311826436619093,0.0,0.0,0.0,8.016643112499974,2024-03-31,0.0
990015,24,1,2,0,2,0,0,Project Management,1.063013698630137,-0.7880441098272437,0.0,0.1049833961999469,0.0,5,1.063013698630137,1,1,6,2,-1.1371180637355585,0.0,0.05697142454574846,0.061600000000000044,0.5808219178082191,1.05703512,1.063013698630137,0.0,1.063013698630137,1.063013698630137,0.0,3.0,16,3.0,0,1.0,1.0,3.65,0.3182929648206723,0.0,0.5049640683937553,-0.7071067811865475,3.0,0.0,0.0,0.0,2024-03-31,0.0
990016,29,1,1,0,2,1,1,Project Management,1.063013698630137,-0.7880441098272437,0.0,-0.7071067811865481,0.0,5,1.063013698630137,1,1,2,2,-0.9671477795519495,0.0,-0.7071067811865475,0.0,1.063013698630137,0.9899,1.063013698630137,0.0,1.063013698630137,1.063013698630137,0.0,3.0,16,3.0625,0,1.0,1.0,3.85,0.5853919562785794,0.0,0.7071067811865412,0.7071067811865475,0.0,0.0,0.0,585.5181984900419,2024-03-31,0.0
990017,26,1,2,0,1,0,0,Data Consultant,0.9178082191780822,-1.3267980462603748,0.0,-0.06889535375621485,0.0,6,0.9178082191780822,2,1,6,1,-0.6110502696262107,0.0,0.7316885751731541,0.062000000000000034,0.2465753424657534,1.0559466,0.9178082191780822,0.0,0.9178082191780822,0.9178082191780822,1.0,2.0,18,2.8333333333333335,0,1.0,1.0,3.0,-1.9911502129736074,0.0,0.19360282464108394,0.0,4.0,0.0,0.0,678.8924358516423,2024-03-31,0.6666666666666666
990018,23,1,2,0,0,0,0,Marketing,0.08767123287671233,0.0,0.0,-1.0629568865244599,-0.7071067811865476,1,0.08767123287671233,1,1,6,2,0.0,0.0,-1.4569652300452658,0.0,0.08767123287671233,1.0094,0.08767123287671233,0.0,0.08767123287671233,0.08767123287671233,0.0,0.0,7,2.7142857142857144,0,1.0,1.0,0.0,0.0,0.0,-1.2434490696020146,-0.7071067811865476,0.0,0.0,0.0,0.0,2024-03-31,0.0
990019,23,1,2,0,0,0,0,Business Development,0.08767123287671233,0.0,0.0,-1.0629568865244599,-0.957360585378428,1,0.08767123287671233,1,1,6,3,0.0,0.0,-0.8883972606931759,0.0,0.08767123287671233,0.9884,0.08767123287671233,0.0,0.08767123287671233,0.08767123287671233,0.0,0.0,16,3.0,0,1.0,1.0,0.0,0.0,0.0,-1.2434490696020146,-1.0300640463059805,0.0,0.0,0.0,8.016643112499974,2024-03-31,0.0
990001,37,2,2,0,0,1,4,Business Development,3.9534246575342467,1.353059950543548,0.7071067811865475,1.0669846081072607,1.0377827271079036,5,3.9534246575342467,1,2,5,3,0.6705532531958333,0.7071067811865476,-0.0007313978385959052,1.3560961139127856,3.9534246575342467,0.9928,2.328767123287671,1.0,2.328767123287671,2.328767123287671,1.0,6.0,18,3.2777777777777777,0,1.0786106032906764,1.0786106032906764,4.2625,-1.3762060276766048,0.7071067811865477,0.6622443989618123,0.9669457819397896,0.0,0.0,0.0,0.0,2024-04-30,0.0
990002,37,2,1,0,4,0,4,Data Scientist,3.9534246575342467,1.64492339792253,0.7071067811865478,1.0669846081072607,1.3072081662306223,5,3.9534246575342467,1,2,5,4,1.0471981707471847,-0.7071067811865475,0.8227877399524595,0.9706820901475868,3.9534246575342467,0.9881,2.328767123287671,1.0,2.328767123287671,2.328767123287671,2.0,7.0,19,3.1052631578947367,1,1.0256410256410255,1.0256410256410255,4.225,1.0862025652621543,-0.7071067811865442,0.6218636429275549,-1.080592546144795,0.0,0.0,0.0,8.016643112499974,2024-04-30,0.0
990003,31,2,2,0,1,1,3,Data Scientist,3.1780821917808217,0.5059007337209283,0.0,0.0,0.25249708699108936,5,3.1780821917808217,1,1,1,4,0.20632704044575886,0.0,0.0,1.4632425498322477,3.1780821917808217,0.9985,0.3287671232876712,2.0,0.3287671232876712,0.3287671232876712,2.0,7.0,20,3.05,0,1.0,1.0,4.442857142857143,-0.186164856483653,0.0,0.0,0.9686140439536332,0.0,0.0,0.0,585.5181984900419,2024-04-30,0.0
990005,29,1,2,0,1,0,2,Data Engineer,2.473972602739726,-0.2634276009907791,0.0,0.7071067811865447,0.7071067811865477,5,2.473972602739726,1,1,2,2,-0.297471291653124,0.0,0.7071067811865475,0.5077949867536172,2.473972602739726,0.9865,1.3287671232876712,1.0,1.3287671232876712,1.3287671232876712,1.0,7.0,14,2.857142857142857,0,1.0,1.0,4.583333333333333,0.7407318973167945,0.0,0.7071067811865455,-0.7071067811865569,0.0,0.0,0.0,0.0,2024-04-30,0.0
990006,30,1,2,0,0,0,4,Data Scientist,2.473972602739726,-0.2634276009907791,-0.7071067811865474,-0.4066002726546853,-0.7053147411522316,5,2.473972602739726,1,2,5,4,0.985332934114823,0.7071067811865475,0.8532626498939766,2.9232443125618204,2.473972602739726,0.9916,0.07945205479452055,2.0,0.07945205479452055,0.07945205479452055,1.0,4.0,20,2.95,0,0.9743589743589743,0.9743589743589743,4.416666666666667,-0.3589761156667873,0.7071067811865508,0.8282541737693128,0.7222613391330586,3.0,0.0,0.0,8.016643112499974,2024-04-30,0.0
990008,33,1,1,0,0,0,4,Marketing,2.197260273972603,0.12342859551511072,0.0,-0.682215222574975,0.7071067811865476,5,2.197260273972603,1,1,5,2,0.28742427543435684,0.0,-1.609545429236918,0.6802489257667803,2.197260273972603,1.0125,0.1643835616438356,1.0,0.1643835616438356,0.1643835616438356,1.0,6.0,12,3.5833333333333335,0,1.0,1.0,3.0,-0.5497787574175249,0.0,-0.6972410541915013,0.7071067811865476,3.0,0.0,0.0,678.8924358516423,2024-04-30,0.0
990009,25,1,2,0,2,0,2,Data Scientist,2.3643835616438356,0.0,0.0,-0.7071067811865505,-0.85439051206948,1,0.3287671232876712,2,1,2,4,0.0,0.0,-0.7071067811865475,1.484301804046646,1.082191780821918,0.997,0.07945205479452055,1.0,0.07945205479452055,0.07945205479452055,2.0,7.0,16,2.75,2,1.0,1.0,4.275,0.0,0.0,-0.7071067811865496,-0.6102828369418716,0.0,0.0,0.0,0.0,2024-04-30,0.0
990011,22,1,2,0,0,0,0,Data Engineer,1.4958904109589042,-1.3321054822829175,0.0,1.1045992716862503,-0.7071067811865475,5,1.4958904109589042,1,1,4,2,-1.5647419361032906,0.0,1.0065327581552865,0.0,1.4958904109589042,0.9852,1.4958904109589042,0.0,1.4958904109589042,1.4958904109589042,1.0,6.0,11,3.090909090909091,0,1.0,1.0,4.65,1.180615102510233,0.0,1.0594375658754747,0.707106781186538,0.0,0.0,0.0,585.5181984900419,2024-04-30,0.0
990013,31,1,2,0,1,0,1,Software Development,1.3917808219178083,0.0,0.0,0.7071067811865475,0.0,1,1.3917808219178083,1,1,2,1,0.0,0.0,0.7071067811865475,0.0,1.3917808219178083,0.9934,1.3917808219178083,0.0,1.3917808219178083,1.3917808219178083,0.0,5.0,6,2.5,0,1.0,1.0,3.8,0.0,0.0,-0.7071067811865538,0.0,3.0,8.0,0.0,678.8924358516423,2024-04-30,0.0
990014,34,1,1,0,0,1,4,Business Development,1.832876712328767,-0.1922637737831527,-0.7071067811865476,-1.0451537209848618,-0.08042214172947572,5,1.832876712328767,1,2,5,3,0.7696433971059673,-0.7071067811865476,-0.0657735627709197,1.3900465304470968,1.832876712328767,0.9845,1.082191780821918,1.0,1.082191780821918,1.082191780821918,1.0,6.0,10,2.8,6,0.9213893967093235,0.9213893967093235,2.3333333333333335,-1.440108728943881,-0.7071067811865474,-1.4151211614671781,0.06311826436619093,1.0,0.0,0.0,8.016643112499974,2024-04-30,0.0
990015,24,1,2,0,2,0,0,Project Management,1.1452054794520548,-0.7880441098272436,0.0,0.5885820936722355,0.0,5,1.1452054794520548,1,1,4,2,-1.1371180637355585,0.0,0.6378986989936799,0.061600000000000044,0.663013698630137,1.05703512,1.1452054794520548,0.0,1.1452054794520548,1.1452054794520548,0.0,3.0,16,3.0,0,1.0,1.0,3.65,0.3182929648206723,0.0,0.6480055014578144,-0.7071067811865475,3.0,0.0,0.0,0.0,2024-04-30,0.0
990016,29,1,1,0,2,1,1,Project Management,1.1452054794520548,-0.7880441098272436,0.0,-0.7071067811865475,0.0,5,1.1452054794520548,1,1,2,2,-0.9671477795519495,0.0,-0.7071067811865475,0.0,1.1452054794520548,0.9899,1.1452054794520548,0.0,1.1452054794520548,1.1452054794520548,0.0,3.0,16,3.0625,0,1.0,1.0,3.85,0.5853919562785794,0.0,0.7071067811865412,0.7071067811865475,0.0,0.0,0.0,585.5181984900419,2024-04-30,0.0
990018,23,1,2,0,0,0,0,Marketing,0.16986301369863013,0.0,0.0,-0.8465906826792431,-0.7071067811865476,1,0.16986301369863013,2,1,4,2,0.0,0.0,-1.1597802764404777,0.0,0.16986301369863013,1.0094,0.16986301369863013,0.0,0.16986301369863013,0.16986301369863013,0.0,0.0,7,2.7142857142857144,0,1.0,1.0,0.0,0.0,0.0,-0.8537215336666446,-0.7071067811865476,0.0,6.0,0.0,0.0,2024-04-30,0.0
990019,23,1,2,0,0,0,0,Business Development,0.16986301369863013,0.0,0.0,-0.8465906826792431,-0.9573605853784282,1,0.16986301369863013,1,1,4,3,0.0,0.0,-0.4846511807084882,0.0,0.16986301369863013,0.9884,0.16986301369863013,0.0,0.16986301369863013,0.16986301369863013,0.0,0.0,16,3.0,0,1.0,1.0,0.0,0.0,0.0,-0.8537215336666446,-1.0300640463059805,0.0,0.0,0.0,8.016643112499974,2024-04-30,0.0
990001,37,2,2,0,0,1,4,Business Development,4.038356164383561,1.3530599505435479,0.7071067811865476,1.0669846081072611,1.0377827271079036,5,4.038356164383561,1,2,5,3,0.6705532531958333,0.7071067811865476,-0.0007313978385959052,1.3560961139127856,4.038356164383561,0.9928,2.4136986301369863,1.0,2.4136986301369863,2.4136986301369863,1.0,6.0,18,3.2777777777777777,0,1.0786106032906764,1.0786106032906764,4.2625,-1.3762060276766048,0.7071067811865477,0.6622443989618123,0.9669457819397896,0.0,0.0,0.0,0.0,2024-05-31,0.0
990002,37,2,1,0,4,0,4,Data Scientist,4.038356164383561,1.64492339792253,0.7071067811865476,1.0669846081072611,1.3072081662306223,5,4.038356164383561,1,2,5,4,1.062892851715436,-0.7071067811865475,0.8227877399524595,0.9706820901475868,4.038356164383561,0.9881,2.4136986301369863,1.0,2.4136986301369863,2.4136986301369863,2.0,7.0,19,3.1052631578947367,1,1.0256410256410255,1.0256410256410255,4.225,1.0862025652621543,-0.7071067811865442,0.6218636429275549,-1.080592546144795,0.0,0.0,0.0,8.016643112499974,2024-05-31,0.0
990003,31,2,2,0,1,1,3,Data Scientist,3.263013698630137,0.5059007337209284,0.0,0.0,0.25249708699108947,5,3.263013698630137,1,1,1,4,0.20632704044575886,0.0,0.0,1.4632425498322477,3.263013698630137,0.9985,0.4136986301369863,2.0,0.4136986301369863,0.4136986301369863,2.0,7.0,20,3.05,0,1.0,1.0,4.442857142857143,-0.186164856483653,0.0,0.0,0.9686140439536332,0.0,0.0,0.0,585.5181984900419,2024-05-31,0.0
990005,29,1,2,0,1,0,2,Data Engineer,2.558904109589041,-0.26342760099077916,0.0,0.7071067811865505,0.7071067811865477,5,2.558904109589041,1,1,2,2,-0.297471291653124,0.0,0.7071067811865476,0.5077949867536172,2.558904109589041,0.9865,1.4136986301369863,1.0,1.4136986301369863,1.4136986301369863,1.0,7.0,14,2.857142857142857,0,1.0,1.0,4.583333333333333,0.7407318973167945,0.0,0.7071067811865455,-0.7071067811865569,0.0,0.0,0.0,0.0,2024-05-31,0.0
990006,30,1,2,0,0,0,4,Data Scientist,2.558904109589041,-0.26342760099077916,-0.7071067811865476,-0.406600272654685,-0.7053147411522319,5,2.558904109589041,1,2,5,4,0.985332934114823,0.7071067811865475,0.8532626498939766,2.9232443125618204,2.558904109589041,0.9916,0.1643835616438356,2.0,0.1643835616438356,0.1643835616438356,1.0,4.0,20,2.95,0,0.9743589743589743,0.9743589743589743,4.416666666666667,-0.3589761156667873,0.7071067811865508,0.8282541737693128,0.7222613391330586,0.0,0.0,0.0,8.016643112499974,2024-05-31,0.0
990008,33,1,1,0,0,0,4,Marketing,2.282191780821918,0.12342859551511075,0.0,-0.6822152225749749,0.7071067811865476,5,2.282191780821918,1,1,5,2,0.2653556349204024,0.0,-1.609545429236918,0.6802489257667803,2.282191780821918,1.0125,0.2493150684931507,1.0,0.2493150684931507,0.2493150684931507,1.0,6.0,12,3.5833333333333335,0,1.0,1.0,3.0,-0.5497787574175249,0.0,-0.6972410541915013,0.7071067811865476,0.0,0.0,0.0,678.8924358516423,2024-05-31,0.0
990009,25,1,2,0,2,0,2,Data Scientist,2.4493150684931506,0.0,0.0,-0.7071067811865447,-0.8543905120694804,1,0.4136986301369863,2,1,2,4,0.0,0.0,-0.7071067811865475,0.21944334109999997,0.0821917808219178,0.489387001650252,0.1643835616438356,1.0,0.1643835616438356,0.1643835616438356,2.0,7.0,16,2.75,2,1.0,1.0,4.275,0.0,0.0,-0.7071067811865496,-0.6102828369418716,2.0,0.0,0.0,0.0,2024-05-31,0.0
990011,22,1,2,0,0,0,0,Data Engineer,1.5808219178082192,-1.3321054822829175,0.0,1.1547005383792515,-0.7071067811865475,5,1.5808219178082192,1,1,3,2,-1.5647419361032906,0.0,1.0998555192003117,0.0,1.5808219178082192,0.9852,1.5808219178082192,0.0,1.5808219178082192,1.5808219178082192,1.0,6.0,11,3.090909090909091,0,1.0,1.0,4.65,1.180615102510233,0.0,1.1547005383792517,0.707106781186538,0.0,0.0,0.0,585.5181984900419,2024-05-31,0.0
990013,31,1,2,0,1,0,1,Software Development,1.4767123287671233,0.0,0.0,1.154700538379251,0.0,1,1.4767123287671233,1,1,3,1,0.0,0.0,0.3139511211999635,0.0,1.4767123287671233,0.9934,1.4767123287671233,0.0,1.4767123287671233,1.4767123287671233,0.0,5.0,6,2.5,0,1.0,1.0,3.8,0.0,0.0,0.32025630761017726,0.0,0.0,8.0,0.0,678.8924358516423,2024-05-31,0.0
990014,34,1,1,0,0,1,4,Business Development,1.917808219178082,-0.19226377378315276,-0.7071067811865475,-1.0451537209848618,-0.08042214172947561,5,1.917808219178082,1,2,5,3,0.7715426710319451,-0.7071067811865476,-0.0657735627709197,1.3900465304470968,1.917808219178082,0.9845,1.167123287671233,1.0,1.167123287671233,1.167123287671233,1.0,6.0,10,2.8,6,0.9213893967093235,0.9213893967093235,2.3333333333333335,-1.440108728943881,-0.7071067811865474,-1.4151211614671781,0.06311826436619093,1.0,0.0,0.0,8.016643112499974,2024-05-31,0.0
990015,24,1,2,0,2,0,1,Project Management,1.2301369863013698,-0.7880441098272437,0.0,-0.5773502691896263,0.0,5,1.2301369863013698,1,2,3,2,-1.0482182811254002,0.7071067811865475,0.8053528761216144,0.42699321367594945,0.7479452054794521,0.9946,0.0821917808219178,1.0,0.0821917808219178,0.0821917808219178,0.0,3.0,16,3.0,0,0.9896907216494846,0.9896907216494846,3.65,0.3182929648206723,-0.7071067811865475,-1.1208970766356054,-0.7071067811865475,0.0,0.0,0.0,0.0,2024-05-31,0.0
990016,29,1,1,0,2,1,1,Project Management,1.2301369863013698,-0.7880441098272437,0.0,-0.5773502691896263,0.0,5,1.2301369863013698,1,2,3,2,-1.051572876542383,-0.7071067811865475,-1.1193039973215182,0.0,1.2301369863013698,0.9899,1.2301369863013698,0.0,1.2301369863013698,1.2301369863013698,0.0,3.0,16,3.0625,0,1.0103092783505154,1.0103092783505154,3.85,0.5853919562785794,0.7071067811865475,0.8006407690254409,0.7071067811865475,0.0,0.0,0.0,585.5181984900419,2024-05-31,0.0
990018,23,1,2,0,0,0,0,Marketing,0.2547945205479452,0.0,0.0,-0.5773502691896258,-0.7071067811865476,1,0.2547945205479452,2,1,3,2,0.0,0.0,-0.8544575244236613,0.0,0.2547945205479452,1.0094,0.2547945205479452,0.0,0.2547945205479452,0.2547945205479452,0.0,0.0,7,2.7142857142857144,0,1.0,1.0,0.0,0.0,0.0,-0.5773502691896257,-0.7071067811865476,0.0,6.0,0.0,0.0,2024-05-31,0.0
990019,23,1,2,0,0,0,0,Business Development,0.2547945205479452,0.0,0.0,-0.5773502691896258,-0.9573605853784282,1,0.2547945205479452,1,1,3,3,0.0,0.0,-0.24539799477665047,0.0,0.2547945205479452,0.9884,0.2547945205479452,0.0,0.2547945205479452,0.2547945205479452,0.0,0.0,16,3.0,0,1.0,1.0,0.0,0.0,0.0,-0.5773502691896257,-1.0300640463059805,0.0,0.0,0.0,8.016643112499974,2024-05-31,0.0
990001,37,2,2,0,0,1,4,Business Development,4.120547945205479,1.2044759734601764,0.7071067811865476,1.066984608107261,1.0377827271079039,6,4.120547945205479,1,2,5,3,0.8534967019627825,0.7071067811865476,-0.0007313978385959052,1.3560961139127856,4.120547945205479,0.9928,2.495890410958904,1.0,2.495890410958904,2.495890410958904,2.0,6.0,18,3.2777777777777777,0,1.0786106032906764,1.0786106032906764,4.266666666666667,0.3166584415555037,0.7071067811865476,0.6972487294335721,0.8131523067860791,0.0,0.0,0.0,0.0,2024-06-30,0.0
990002,37,2,1,0,4,0,4,Data Scientist,4.120547945205479,2.2800659620277735,0.7071067811865478,1.066984608107261,1.3072081662306223,11,4.120547945205479,1,2,5,4,1.9032337897160645,-0.7071067811865475,0.8227877399524595,0.9706820901475868,4.120547945205479,0.9881,2.495890410958904,1.0,2.495890410958904,2.495890410958904,2.0,7.0,19,3.1052631578947367,1,1.0256410256410255,1.0256410256410255,4.177777777777778,1.3900607162761258,-0.7071067811865503,0.5949378373670174,-1.4538918442598159,0.0,0.0,0.0,8.016643112499974,2024-06-30,0.0
990003,31,2,2,0,1,1,3,Data Scientist,3.345205479452055,0.6593799705456299,0.0,0.0,0.2524970869910899,6,3.345205479452055,1,1,1,4,0.4024667818007897,0.0,0.0,1.4632425498322477,3.345205479452055,0.9985,0.4958904109589041,2.0,0.4958904109589041,0.4958904109589041,2.0,7.0,20,3.05,0,1.0,1.0,4.375,0.37642183909760707,0.0,0.0,0.5179576484325764,0.0,0.0,0.0,585.5181984900419,2024-06-30,0.0
990005,29,1,2,0,1,0,2,Data Engineer,2.6410958904109587,0.16436345906492816,0.0,0.7071067811865447,0.7071067811865477,6,2.6410958904109587,1,1,2,2,-0.08701036374471013,0.0,0.7071067811865476,0.5077949867536172,2.6410958904109587,0.9865,1.4958904109589042,1.0,1.4958904109589042,1.4958904109589042,1.0,7.0,14,2.857142857142857,0,1.0,1.0,4.514285714285714,0.45326049308031136,0.0,0.7071067811865475,-0.7071067811865402,0.0,0.0,0.0,0.0,2024-06-30,0.0
990006,30,1,2,0,0,0,4,Data Scientist,2.6410958904109587,0.16436345906492816,-0.7071067811865474,-0.40660027265468535,-0.7053147411522316,6,2.6410958904109587,1,2,5,4,1.1593283212340209,0.7071067811865475,0.8532626498939766,2.9232443125618204,2.6410958904109587,0.9916,0.2465753424657534,2.0,0.2465753424657534,0.2465753424657534,1.0,4.0,20,2.95,0,0.9743589743589743,0.9743589743589743,4.4,0.3902133923765542,0.7071067811865447,0.8507150675334051,0.7679104010273906,0.0,0.0,0.0,8.016643112499974,2024-06-30,0.0
990008,33,1,1,0,0,0,4,Marketing,2.3643835616438356,0.9853293027495396,0.0,-0.6822152225749751,0.7071067811865477,11,2.3643835616438356,1,1,5,2,1.0347836081470962,0.0,-1.609545429236918,0.6802489257667803,2.3643835616438356,1.0125,0.3315068493150685,1.0,0.3315068493150685,0.3315068493150685,2.0,6.0,12,3.5833333333333335,0,1.0,1.0,2.96,0.7393939980192157,0.0,-0.8067213839447865,-0.707106781186548,0.0,0.0,0.0,678.8924358516423,2024-06-30,0.0
990009,25,1,2,0,2,0,2,Data Scientist,2.5315068493150683,0.0,0.0,-0.7071067811865505,-0.85439051206948,1,0.4958904109589041,2,1,2,4,0.0,0.0,-0.7071067811865475,0.21944334109999997,0.1643835616438356,0.489387001650252,0.2465753424657534,1.0,0.2465753424657534,0.2465753424657534,2.0,7.0,16,2.75,2,1.0,1.0,4.34,0.0,0.0,-0.7071067811865475,0.16802379479984011,2.0,0.0,0.0,0.0,2024-06-30,0.0
990011,22,1,2,0,0,0,0,Data Engineer,1.663013698630137,-0.5232664810074859,0.0,1.9840105093295455,-0.7071067811865475,6,1.663013698630137,1,1,6,2,-1.3182570316223725,0.0,1.9388756005377277,0.0,1.663013698630137,0.9852,1.663013698630137,0.0,1.663013698630137,1.663013698630137,1.0,6.0,11,3.090909090909091,0,1.0,1.0,4.6000000000000005,0.5005458186081297,0.0,1.1731246729872047,0.7071067811865549,0.0,0.0,0.0,585.5181984900419,2024-06-30,0.0
990013,31,1,2,0,1,0,1,Software Development,1.558904109589041,0.0,0.0,1.2867210288015847,0.0,1,1.558904109589041,1,1,7,1,0.0,0.0,0.09845245560526707,0.0,1.558904109589041,0.9934,1.558904109589041,0.0,1.558904109589041,1.558904109589041,0.0,5.0,6,2.5,0,1.0,1.0,3.6333333333333333,0.0,0.0,0.9919279606470168,0.0,0.0,8.0,0.0,678.8924358516423,2024-06-30,0.0
990014,34,1,1,0,0,1,4,Business Development,2.0,0.7166865949741806,-0.7071067811865476,-1.0451537209848618,-0.08042214172947548,11,2.0,1,2,5,3,1.5859782284878088,-0.7071067811865476,-0.0657735627709197,1.3900465304470968,2.0,0.9845,1.2493150684931507,1.0,1.2493150684931507,1.2493150684931507,2.0,6.0,10,2.8,6,0.9213893967093235,0.9213893967093235,2.5,0.4936129566338502,-0.7071067811865476,-1.3361802503892086,-1.1165673466316308,1.0,0.0,0.0,8.016643112499974,2024-06-30,0.0
990015,24,1,2,0,2,0,1,Project Management,1.3123287671232877,0.20969922917256334,0.5773502691896258,0.9500788991732632,0.5773502691896258,11,1.3123287671232877,1,3,7,3,-0.3955866389976407,-0.2558444850170829,0.10888779474828593,0.42699321367594945,0.8301369863013699,0.9946,0.1643835616438356,1.0,0.1643835616438356,0.1643835616438356,1.0,3.0,16,3.0,0,1.0155148095909732,1.0,3.5,1.0279195683411666,0.41478067789216994,0.9262684266089165,0.41478067789216994,0.0,0.0,0.0,0.0,2024-06-30,0.0
990016,29,1,1,0,2,1,1,Project Management,1.3123287671232877,0.20969922917256334,0.5773502691896258,0.9500788991732632,0.5773502691896258,11,1.3123287671232877,1,3,7,3,-0.3992395080269714,-0.8472227208762558,0.06801604977146206,0.0,1.3123287671232877,0.9899,1.3123287671232877,0.0,1.3123287671232877,1.3123287671232877,1.0,3.0,16,3.0625,0,1.0366713681241184,1.0208333333333333,4.2,1.4019341965362884,0.7258661863112975,1.2709809803089438,0.7258661863112975,0.0,0.0,0.0,585.5181984900419,2024-06-30,0.0
990018,23,1,2,0,0,0,0,Marketing,0.336986301369863,0.0,0.0,-0.10882149905875806,-0.7071067811865476,1,0.336986301369863,2,1,6,2,0.0,0.0,-0.5352670502306075,0.0,0.336986301369863,1.0094,0.336986301369863,0.0,0.336986301369863,0.336986301369863,1.0,0.0,7,2.7142857142857144,0,1.0,1.0,3.6,0.0,0.0,0.7219228756844335,0.707106781186547,0.0,6.0,0.0,0.0,2024-06-30,0.0
990019,23,1,2,0,0,0,0,Business Development,0.336986301369863,0.0,0.0,-0.10882149905875806,-0.9573605853784279,1,0.336986301369863,1,1,6,3,0.0,0.0,0.23579680981622306,0.0,0.336986301369863,0.9884,0.336986301369863,0.0,0.336986301369863,0.336986301369863,1.0,0.0,16,3.0,0,1.0,1.0,3.8,0.0,0.0,0.8121632351449876,0.3034150398455518,0.0,0.0,0.0,8.016643112499974,2024-06-30,0.0
990020,30,1,2,0,0,0,1,Project Management,0.03287671232876712,-0.7335800530161032,-1.1547005383792512,-0.7967197067870281,-1.1547005383792512,11,0.03287671232876712,1,3,7,3,-0.3871928122919445,1.103067205893357,0.2028058470354557,0.0,0.03287671232876712,1.0054,0.03287671232876712,0.0,0.03287671232876712,0.03287671232876712,1.0,0.0,10,2.8,6,0.9478138222849082,0.9333333333333332,0.0,-0.842153572634441,-1.1406468642034677,-0.7972943418912191,-1.1406468642034677,0.0,0.0,0.0,585.5181984900419,2024-06-30,0.0
990021,24,1,2,0,0,0,1,Operations,0.03287671232876712,-0.7335800530161032,0.0,-0.7967197067870281,0.0,11,0.03287671232876712,1,1,7,3,-0.4662424524990143,0.0,-0.681676106494918,0.0,0.03287671232876712,1.0041,0.03287671232876712,0.0,0.03287671232876712,0.03287671232876712,0.0,0.0,8,3.125,9,1.0,1.0,0.0,-0.842153572634441,0.0,-0.7972943418912191,0.0,0.0,6.0,0.0,18.37432484557708,2024-06-30,0.0
990022,25,1,2,0,0,0,0,Operations,0.03287671232876712,-0.7335800530161032,0.0,-0.5887891704040096,0.0,11,0.03287671232876712,1,2,6,3,-0.7766896876215386,-0.7071067811865475,-0.5391948149693571,0.0,0.03287671232876712,1.0085,0.03287671232876712,0.0,0.03287671232876712,0.03287671232876712,1.0,0.0,12,3.6666666666666665,5,1.1210191082802548,1.1210191082802548,0.0,-0.842153572634441,0.0,-0.9024035946055419,0.0,0.0,0.0,0.0,2203.1728256522056,2024-06-30,0.0
990023,23,1,2,0,0,0,0,Operations,0.03287671232876712,-0.7335800530161032,0.0,-0.5887891704040096,0.0,11,0.03287671232876712,2,2,6,3,-0.7743969294010012,0.7071067811865475,-0.5134461350153368,0.0,0.03287671232876712,1.0144,0.03287671232876712,0.0,0.03287671232876712,0.03287671232876712,1.0,0.0,8,2.875,9,0.8789808917197452,0.8789808917197452,0.0,-0.842153572634441,0.0,-0.9024035946055419,0.0,0.0,0.0,0.0,2203.1728256522056,2024-06-30,0.0
990024,22,1,2,0,0,0,0,Sales,0.03287671232876712,-0.7335800530161032,0.0,-0.5887891704040096,0.0,11,0.03287671232876712,2,1,6,1,-0.7809254612832093,0.0,-0.5867644101386488,0.0,0.03287671232876712,0.9976,0.03287671232876712,0.0,0.03287671232876712,0.03287671232876712,1.0,0.0,11,2.909090909090909,0,1.0,1.0,0.0,-0.842153572634441,0.0,-0.9024035946055419,0.0,0.0,0.0,0.0,11.098526099144081,2024-06-30,0.0
990025,27,1,2,0,0,1,1,Data Consultant,0.03287671232876712,-1.6693163811281762,0.0,-0.7967197067870281,0.0,6,0.03287671232876712,1,1,7,1,-1.0100244096305098,0.0,1.7521058651356562,0.0,0.03287671232876712,0.9863,0.03287671232876712,0.0,0.03287671232876712,0.03287671232876712,1.0,0.0,18,3.0555555555555554,0,1.0,1.0,0.0,-2.0370999847181057,0.0,-0.7972943418912191,0.0,0.0,0.0,0.0,7.751067756118272,2024-06-30,0.0
990026,29,1,2,0,0,0,1,Human Resources,0.03287671232876712,-0.7335800530161032,0.0,-0.7967197067870281,0.0,11,0.03287671232876712,1,1,7,1,-0.5437221362296484,0.0,-1.5485919058012114,0.0,0.03287671232876712,1.005,0.03287671232876712,0.0,0.03287671232876712,0.03287671232876712,0.0,0.0,8,3.125,0,1.0,1.0,0.0,-0.842153572634441,0.0,-0.7972943418912191,0.0,0.0,5.0,0.0,2203.1728256522056,2024-06-30,0.0
990001,37,2,2,0,0,1,4,Business Development,4.205479452054795,1.2044759734601769,0.7071067811865477,1.4390553564248199,1.0377827271079036,6,4.205479452054795,1,2,4,3,0.8534967019627825,0.7071067811865476,0.19990612022732945,1.3560961139127856,4.205479452054795,0.9928,2.580821917808219,1.0,2.580821917808219,2.580821917808219,2.0,6.0,18,3.2777777777777777,0,1.0786106032906764,1.0786106032906764,4.266666666666667,0.3166584415555037,0.7071067811865476,0.7768660981450973,0.8131523067860791,0.0,0.0,0.0,0.0,2024-07-31,0.0
990002,37,2,1,0,4,0,7,Data Scientist,4.205479452054795,2.280065962027774,0.0,0.0,1.3072081662306225,11,4.205479452054795,1,1,1,4,2.3613882306974556,0.0,0.0,1.7061926605504587,4.205479452054795,1.0051,0.0821917808219178,2.0,0.0821917808219178,0.0821917808219178,2.0,7.0,19,3.1052631578947367,0,1.0,1.0,4.177777777777778,1.3900607162761258,0.0,0.0,-1.4538918442598159,0.0,0.0,0.0,8.016643112499974,2024-07-31,0.0
990003,31,2,2,0,1,1,3,Data Scientist,3.43013698630137,0.6593799705456299,0.0,0.0,0.25249708699108986,6,3.43013698630137,1,1,1,4,0.4024667818007897,0.0,0.0,1.4632425498322477,3.43013698630137,0.9985,0.5808219178082191,2.0,0.5808219178082191,0.5808219178082191,2.0,7.0,20,3.05,0,1.0,1.0,4.375,0.37642183909760707,0.0,0.0,0.5179576484325764,0.0,0.0,0.0,585.5181984900419,2024-07-31,0.0
990005,29,1,2,0,1,0,2,Data Engineer,2.7260273972602738,0.16436345906492816,0.0,0.7071067811865505,0.7071067811865477,6,2.7260273972602738,1,1,2,2,-0.08701036374471013,0.0,0.7071067811865476,0.5077949867536172,2.7260273972602738,0.9865,1.5808219178082192,1.0,1.5808219178082192,1.5808219178082192,1.0,7.0,14,2.857142857142857,0,1.0,1.0,4.514285714285714,0.45326049308031136,0.0,0.7071067811865475,-0.7071067811865402,0.0,0.0,0.0,0.0,2024-07-31,0.0
990006,30,1,2,0,0,0,4,Data Scientist,2.7260273972602738,0.16436345906492816,0.0,-0.15089838775810177,-0.7053147411522314,6,2.7260273972602738,1,1,4,4,1.1593283212340209,0.0,1.0328199805457863,2.9232443125618204,2.7260273972602738,0.9916,0.3315068493150685,2.0,0.3315068493150685,0.3315068493150685,1.0,4.0,20,2.95,0,1.0,1.0,4.4,0.3902133923765542,0.0,0.9177941885115555,0.7679104010273906,0.0,0.0,0.0,8.016643112499974,2024-07-31,0.0
990008,33,1,1,0,0,0,4,Marketing,2.4493150684931506,0.9853293027495394,0.0,-0.44827862509601835,0.7071067811865477,11,2.4493150684931506,1,1,4,2,0.7460229853451271,0.0,-1.369195571973336,0.6802489257667803,2.4493150684931506,1.0125,0.41643835616438357,1.0,0.41643835616438357,0.41643835616438357,2.0,6.0,12,3.5833333333333335,0,1.0,1.0,2.96,0.7393939980192157,0.0,-0.6042291874461879,-0.707106781186548,3.0,0.0,0.0,678.8924358516423,2024-07-31,0.0
990009,25,1,2,0,2,0,2,Data Scientist,2.6164383561643834,0.0,0.0,-0.7071067811865447,-0.8543905120694797,1,0.5808219178082191,2,1,2,4,0.0,0.0,-0.7071067811865475,0.21944334109999997,0.2493150684931507,0.489387001650252,0.3315068493150685,1.0,0.3315068493150685,0.3315068493150685,2.0,7.0,16,2.75,2,1.0,1.0,4.34,0.0,0.0,-0.7071067811865475,0.16802379479984011,2.0,0.0,0.0,0.0,2024-07-31,0.0
990011,22,1,2,0,0,0,0,Data Engineer,1.747945205479452,-0.5232664810074859,0.0,1.984010509329546,-0.7071067811865475,6,1.747945205479452,1,1,6,2,-1.3182570316223725,0.0,1.9388756005377277,0.0,1.747945205479452,0.9852,1.747945205479452,0.0,1.747945205479452,1.747945205479452,1.0,6.0,11,3.090909090909091,0,1.0,1.0,4.6000000000000005,0.5005458186081297,0.0,1.1731246729872047,0.7071067811865549,0.0,2.0,0.0,585.5181984900419,2024-07-31,0.0
990013,31,1,2,0,1,0,1,Software Development,1.643835616438356,0.0,0.0,1.2867210288015847,0.0,1,1.643835616438356,1,1,7,1,0.0,0.0,0.09845245560526707,0.0,1.643835616438356,0.9934,1.643835616438356,0.0,1.643835616438356,1.643835616438356,0.0,5.0,6,2.5,0,1.0,1.0,3.6333333333333333,0.0,0.0,0.9919279606470168,0.0,0.0,0.0,0.0,678.8924358516423,2024-07-31,0.0
990014,34,1,1,0,0,1,4,Business Development,2.084931506849315,0.7166865949741805,-0.7071067811865474,-0.8398783435707007,-0.0804221417294757,11,2.084931506849315,1,2,4,3,1.1879128045972394,-0.7071067811865476,0.13646947120022024,1.3900465304470968,2.084931506849315,0.9845,1.3342465753424657,1.0,1.3342465753424657,1.3342465753424657,2.0,6.0,10,2.8,6,0.9213893967093235,0.9213893967093235,2.5,0.4936129566338502,-0.7071067811865476,-1.0904310992104669,-1.1165673466316308,0.0,0.0,0.0,8.016643112499974,2024-07-31,0.0
990015,24,1,2,0,2,0,1,Project Management,1.3972602739726028,0.2096992291725632,0.5773502691896258,0.9500788991732634,0.5773502691896258,11,1.3972602739726028,1,3,7,3,-0.40069729574848195,-0.2558444850170829,0.10888779474828593,0.42699321367594945,0.915068493150685,0.9946,0.2493150684931507,1.0,0.2493150684931507,0.2493150684931507,1.0,3.0,16,3.0,0,1.0155148095909732,1.0,3.5,1.0279195683411666,0.41478067789216994,0.9262684266089165,0.41478067789216994,0.0,0.0,0.0,0.0,2024-07-31,0.0
990016,29,1,1,0,2,1,1,Project Management,1.3972602739726028,0.2096992291725632,0.5773502691896258,0.9500788991732634,0.5773502691896258,11,1.3972602739726028,1,3,7,3,-0.40362578157826895,-0.8472227208762558,0.06801604977146206,0.0,1.3972602739726028,0.9899,1.3972602739726028,0.0,1.3972602739726028,1.3972602739726028,1.0,3.0,16,3.0625,0,1.0366713681241184,1.0208333333333333,4.2,1.4019341965362884,0.7258661863112975,1.2709809803089438,0.7258661863112975,0.0,0.0,0.0,585.5181984900419,2024-07-31,0.0
990018,23,1,2,0,0,0,0,Marketing,0.42191780821917807,0.0,0.0,-0.10882149905875808,-0.7071067811865476,1,0.42191780821917807,2,1,6,2,0.0,0.0,-0.5352670502306075,0.0,0.42191780821917807,1.0094,0.42191780821917807,0.0,0.42191780821917807,0.42191780821917807,1.0,0.0,7,2.7142857142857144,0,1.0,1.0,3.6,0.0,0.0,0.7219228756844335,0.707106781186547,0.0,6.0,0.0,0.0,2024-07-31,0.0
990019,23,1,2,0,0,0,0,Business Development,0.42191780821917807,0.0,0.0,-0.10882149905875808,-0.957360585378428,1,0.42191780821917807,1,1,6,3,0.0,0.0,0.23579680981622306,0.0,0.42191780821917807,0.9884,0.42191780821917807,0.0,0.42191780821917807,0.42191780821917807,1.0,0.0,16,3.0,0,1.0,1.0,3.8,0.0,0.0,0.8121632351449876,0.3034150398455518,0.0,0.0,0.0,8.016643112499974,2024-07-31,0.0
990020,30,1,2,0,0,0,1,Project Management,0.1178082191780822,-0.7335800530161034,-1.1547005383792512,-0.7967197067870276,-1.1547005383792512,11,0.1178082191780822,1,3,7,3,-0.3939680091608863,1.103067205893357,0.2028058470354557,0.0,0.1178082191780822,1.0054,0.1178082191780822,0.0,0.1178082191780822,0.1178082191780822,1.0,0.0,10,2.8,6,0.9478138222849082,0.9333333333333332,0.0,-0.842153572634441,-1.1406468642034677,-0.7972943418912191,-1.1406468642034677,0.0,0.0,0.0,585.5181984900419,2024-07-31,0.0
990021,24,1,2,0,0,0,1,Operations,0.1178082191780822,-0.7335800530161034,0.0,-0.7967197067870276,0.0,11,0.1178082191780822,1,1,7,3,-0.45734168868165953,0.0,-0.681676106494918,0.0,0.1178082191780822,1.0041,0.1178082191780822,0.0,0.1178082191780822,0.1178082191780822,0.0,0.0,8,3.125,9,1.0,1.0,0.0,-0.842153572634441,0.0,-0.7972943418912191,0.0,0.0,6.0,0.0,18.37432484557708,2024-07-31,0.0
990022,25,1,2,0,0,0,0,Operations,0.1178082191780822,-0.7335800530161034,0.0,-0.5887891704040096,0.0,11,0.1178082191780822,1,2,6,3,-0.7062255992880664,-0.7071067811865475,-0.5391948149693571,0.0,0.1178082191780822,1.0085,0.1178082191780822,0.0,0.1178082191780822,0.1178082191780822,1.0,0.0,12,3.6666666666666665,5,1.1210191082802548,1.1210191082802548,0.0,-0.842153572634441,0.0,-0.9024035946055419,0.0,0.0,0.0,0.0,2203.1728256522056,2024-07-31,0.0
990023,23,1,2,0,0,0,0,Operations,0.1178082191780822,-0.7335800530161034,0.0,-0.5887891704040096,0.0,11,0.1178082191780822,2,2,6,3,-0.7043875071183064,0.7071067811865475,-0.5134461350153368,0.0,0.1178082191780822,1.0144,0.1178082191780822,0.0,0.1178082191780822,0.1178082191780822,1.0,0.0,8,2.875,9,0.8789808917197452,0.8789808917197452,0.0,-0.842153572634441,0.0,-0.9024035946055419,0.0,0.0,0.0,0.0,2203.1728256522056,2024-07-31,0.0
990024,22,1,2,0,0,0,0,Sales,0.1178082191780822,-0.7335800530161034,0.0,-0.5887891704040096,0.0,11,0.1178082191780822,2,1,6,1,-0.7096213966864364,0.0,-0.5867644101386488,0.0,0.1178082191780822,0.9976,0.1178082191780822,0.0,0.1178082191780822,0.1178082191780822,1.0,0.0,11,2.909090909090909,0,1.0,1.0,0.0,-0.842153572634441,0.0,-0.9024035946055419,0.0,0.0,0.0,0.0,11.098526099144081,2024-07-31,0.0
990025,27,1,2,0,0,1,1,Data Consultant,0.1178082191780822,-1.6693163811281762,0.0,-0.7967197067870276,0.0,6,0.1178082191780822,1,1,7,1,-1.0100244096305098,0.0,1.7521058651356562,0.0,0.1178082191780822,0.9863,0.1178082191780822,0.0,0.1178082191780822,0.1178082191780822,1.0,0.0,18,3.0555555555555554,0,1.0,1.0,0.0,-2.0370999847181057,0.0,-0.7972943418912191,0.0,0.0,0.0,0.0,7.751067756118272,2024-07-31,0.0
990026,29,1,2,0,0,0,1,Human Resources,0.1178082191780822,-0.7335800530161034,0.0,-0.7967197067870276,0.0,11,0.1178082191780822,1,1,7,1,-0.5194567423777159,0.0,-1.5485919058012114,0.0,0.1178082191780822,1.005,0.1178082191780822,0.0,0.1178082191780822,0.1178082191780822,0.0,0.0,8,3.125,0,1.0,1.0,0.0,-0.842153572634441,0.0,-0.7972943418912191,0.0,0.0,5.0,0.0,2203.1728256522056,2024-07-31,0.0
990001,37,2,2,0,0,1,4,Business Development,4.2904109589041095,1.2044759734601762,0.7071067811865476,1.43905535642482,1.0377827271079039,6,4.2904109589041095,1,2,4,3,0.8534967019627825,0.7071067811865476,0.19990612022732945,1.3560961139127856,4.2904109589041095,0.9928,2.665753424657534,1.0,2.665753424657534,2.665753424657534,3.0,6.0,18,3.2777777777777777,0,1.0786106032906764,1.0786106032906764,4.266666666666667,0.3166584415555037,0.7071067811865476,0.7768660981450973,0.8131523067860791,0.0,0.0,0.0,0.0,2024-08-31,0.0
990002,37,2,1,0,4,0,7,Data Scientist,4.2904109589041095,2.2800659620277735,0.0,0.0,1.3072081662306219,11,4.2904109589041095,1,1,1,4,2.3613882306974556,0.0,0.0,1.7061926605504587,4.2904109589041095,1.0051,0.16712328767123288,2.0,0.16712328767123288,0.16712328767123288,2.0,7.0,19,3.1052631578947367,0,1.0,1.0,4.177777777777778,1.3900607162761258,0.0,0.0,-1.4538918442598159,0.0,0.0,0.0,8.016643112499974,2024-08-31,0.0
990003,31,2,2,0,1,1,3,Data Scientist,3.515068493150685,0.6593799705456296,0.0,0.0,0.25249708699108936,6,3.515068493150685,1,1,1,4,0.4024667818007897,0.0,0.0,1.4632425498322477,3.515068493150685,0.9985,0.6657534246575343,2.0,0.6657534246575343,0.6657534246575343,2.0,7.0,20,3.05,0,1.0,1.0,4.375,0.37642183909760707,0.0,0.0,0.5179576484325764,0.0,0.0,0.0,585.5181984900419,2024-08-31,0.0
990005,29,1,2,0,1,0,2,Data Engineer,2.8109589041095893,0.16436345906492816,0.0,0.6124574658250341,0.7071067811865474,6,2.8109589041095893,1,1,3,2,-0.08701036374471013,0.0,-0.4956439252964986,0.5077949867536172,2.8109589041095893,0.9865,1.6657534246575343,1.0,1.6657534246575343,1.6657534246575343,1.0,7.0,14,2.857142857142857,0,1.0,1.0,4.514285714285714,0.45326049308031136,0.0,0.6110885101893945,-0.7071067811865402,0.0,0.0,0.0,0.0,2024-08-31,0.0
990006,30,1,2,0,0,0,4,Data Scientist,2.8109589041095893,0.16436345906492816,0.0,-0.15089838775810085,-0.7053147411522317,6,2.8109589041095893,1,1,4,4,1.1593283212340209,0.0,1.0328199805457863,2.9232443125618204,2.8109589041095893,0.9916,0.41643835616438357,2.0,0.41643835616438357,0.41643835616438357,1.0,4.0,20,2.95,0,1.0,1.0,4.4,0.3902133923765542,0.0,0.9177941885115555,0.7679104010273906,0.0,0.0,0.0,8.016643112499974,2024-08-31,0.0
990008,33,1,1,0,0,0,4,Marketing,2.5342465753424657,0.9853293027495396,0.0,-0.44827862509601796,0.7071067811865477,11,2.5342465753424657,1,1,4,2,0.7460229853451271,0.0,-1.369195571973336,0.6802489257667803,2.5342465753424657,1.0125,0.5013698630136987,1.0,0.5013698630136987,0.5013698630136987,2.0,6.0,12,3.5833333333333335,0,1.0,1.0,2.96,0.7393939980192157,0.0,-0.6042291874461879,-0.707106781186548,3.0,0.0,0.0,678.8924358516423,2024-08-31,0.0
990009,25,1,2,0,2,0,2,Data Scientist,2.7013698630136984,0.0,0.0,0.541516446617501,-0.8543905120694807,1,0.6657534246575343,2,1,3,4,0.0,0.0,-0.6553683962947084,0.21944334109999997,0.33424657534246577,0.489387001650252,0.41643835616438357,1.0,0.41643835616438357,0.41643835616438357,2.0,7.0,16,2.75,2,1.0,1.0,4.34,0.0,0.0,0.5429415282487124,0.16802379479984011,0.0,0.0,0.0,0.0,2024-08-31,0.0
990011,22,1,2,0,0,0,0,Data Engineer,1.832876712328767,-0.5232664810074862,0.0,1.984010509329546,-0.7071067811865477,6,1.832876712328767,1,1,6,2,-1.3182570316223725,0.0,1.9388756005377277,0.0,1.832876712328767,0.9852,1.832876712328767,0.0,1.832876712328767,1.832876712328767,1.0,6.0,11,3.090909090909091,0,1.0,1.0,4.6000000000000005,0.5005458186081297,0.0,1.1731246729872047,0.7071067811865549,0.0,2.0,0.0,585.5181984900419,2024-08-31,0.0
990013,31,1,2,0,1,0,1,Software Development,1.7287671232876711,0.7071067811865477,0.0,1.2867210288015847,0.7071067811865477,2,1.7287671232876711,1,1,7,2,-0.7071067811865475,0.0,0.09845245560526707,0.0,1.7287671232876711,0.9934,1.7287671232876711,0.0,1.7287671232876711,1.7287671232876711,0.0,5.0,6,2.5,0,1.0,1.0,3.6333333333333333,0.7071067811865475,0.0,0.9919279606470168,0.7071067811865475,0.0,0.0,0.0,678.8924358516423,2024-08-31,0.0
990014,34,1,1,0,0,1,4,Business Development,2.16986301369863,0.7166865949741806,-0.7071067811865476,-0.8398783435707003,-0.08042214172947548,11,2.16986301369863,1,2,4,3,1.1879128045972394,-0.7071067811865476,0.13646947120022024,1.3900465304470968,2.16986301369863,0.9845,1.4191780821917808,1.0,1.4191780821917808,1.4191780821917808,2.0,6.0,10,2.8,6,0.9213893967093235,0.9213893967093235,2.5,0.4936129566338502,-0.7071067811865476,-1.0904310992104669,-1.1165673466316308,0.0,0.0,0.0,8.016643112499974,2024-08-31,0.0
990015,24,1,2,0,2,0,1,Project Management,1.4821917808219178,0.20969922917256323,0.5773502691896257,0.9500788991732632,0.5773502691896257,11,1.4821917808219178,1,3,7,3,-0.40069729574848195,-0.2558444850170829,0.10888779474828593,0.42699321367594945,1.0,0.9946,0.33424657534246577,1.0,0.33424657534246577,0.33424657534246577,2.0,3.0,16,3.0,0,1.0155148095909732,1.0,3.5,1.0279195683411666,0.41478067789216994,0.9262684266089165,0.41478067789216994,0.0,0.0,0.0,0.0,2024-08-31,0.0
990016,29,1,1,0,2,1,1,Project Management,1.4821917808219178,0.20969922917256323,0.5773502691896257,0.9500788991732632,0.5773502691896257,11,1.4821917808219178,1,3,7,3,-0.40362578157826895,-0.8472227208762558,0.06801604977146206,0.0,1.4821917808219178,0.9899,1.4821917808219178,0.0,1.4821917808219178,1.4821917808219178,2.0,3.0,16,3.0625,0,1.0366713681241184,1.0208333333333333,4.2,1.4019341965362884,0.7258661863112975,1.2709809803089438,0.7258661863112975,0.0,0.0,0.0,585.5181984900419,2024-08-31,0.0
990018,23,1,2,0,0,0,0,Marketing,0.5068493150684932,0.0,0.0,-0.10882149905875799,-0.7071067811865476,1,0.5068493150684932,2,1,6,2,0.0,0.0,-0.5352670502306075,0.0,0.5068493150684932,1.0094,0.5068493150684932,0.0,0.5068493150684932,0.5068493150684932,2.0,0.0,7,2.7142857142857144,0,1.0,1.0,3.6,0.0,0.0,0.7219228756844335,0.707106781186547,0.0,6.0,0.0,0.0,2024-08-31,0.0
990019,23,1,2,0,0,0,0,Business Development,0.5068493150684932,0.0,0.0,-0.10882149905875799,-0.9573605853784279,1,0.5068493150684932,1,1,6,3,0.0,0.0,0.23579680981622306,0.0,0.5068493150684932,0.9884,0.5068493150684932,0.0,0.5068493150684932,0.5068493150684932,2.0,0.0,16,3.0,0,1.0,1.0,3.8,0.0,0.0,0.8121632351449876,0.3034150398455518,0.0,0.0,0.0,8.016643112499974,2024-08-31,0.0
990020,30,1,2,0,0,0,1,Project Management,0.20273972602739726,-0.7335800530161034,-1.1547005383792515,-0.7967197067870281,-1.1547005383792515,11,0.20273972602739726,1,3,7,3,-0.3939680091608863,1.103067205893357,0.2028058470354557,0.0,0.20273972602739726,1.0054,0.20273972602739726,0.0,0.20273972602739726,0.20273972602739726,1.0,0.0,10,2.8,6,0.9478138222849082,0.9333333333333332,0.0,-0.842153572634441,-1.1406468642034677,-0.7972943418912191,-1.1406468642034677,0.0,0.0,6.0,585.5181984900419,2024-08-31,0.0
990021,24,1,2,0,0,0,1,Operations,0.20273972602739726,-0.7335800530161034,0.0,-0.7967197067870281,0.8164965809277261,11,0.20273972602739726,1,1,7,3,-0.45734168868165953,0.0,-0.681676106494918,0.0,0.20273972602739726,1.0041,0.20273972602739726,0.0,0.20273972602739726,0.20273972602739726,1.0,0.0,8,3.125,9,1.0,1.0,0.0,-0.842153572634441,0.0,-0.7972943418912191,0.0,0.0,6.0,0.0,18.37432484557708,2024-08-31,0.0
990022,25,1,2,0,0,0,0,Operations,0.20273972602739726,-0.7335800530161034,0.0,-0.5887891704040096,0.8164965809277261,11,0.20273972602739726,1,2,6,3,-0.7062255992880664,-0.7071067811865475,-0.5391948149693571,0.0,0.20273972602739726,1.0085,0.20273972602739726,0.0,0.20273972602739726,0.20273972602739726,2.0,0.0,12,3.6666666666666665,5,1.1210191082802548,1.1210191082802548,0.0,-0.842153572634441,0.0,-0.9024035946055419,0.0,0.0,0.0,0.0,2203.1728256522056,2024-08-31,0.0
990023,23,1,2,0,0,0,0,Operations,0.20273972602739726,-0.7335800530161034,0.0,-0.5887891704040096,0.8164965809277261,11,0.20273972602739726,2,2,6,3,-0.7043875071183064,0.7071067811865475,-0.5134461350153368,0.0,0.20273972602739726,1.0144,0.20273972602739726,0.0,0.20273972602739726,0.20273972602739726,2.0,0.0,8,2.875,9,0.8789808917197452,0.8789808917197452,0.0,-0.842153572634441,0.0,-0.9024035946055419,0.0,0.0,0.0,0.0,2203.1728256522056,2024-08-31,0.0
990024,22,1,2,0,0,0,0,Sales,0.20273972602739726,-0.7335800530161034,0.0,-0.5887891704040096,0.0,11,0.20273972602739726,2,1,6,1,-0.7096213966864364,0.0,-0.5867644101386488,0.0,0.20273972602739726,0.9976,0.20273972602739726,0.0,0.20273972602739726,0.20273972602739726,1.0,0.0,11,2.909090909090909,0,1.0,1.0,0.0,-0.842153572634441,0.0,-0.9024035946055419,0.0,0.0,0.0,0.0,11.098526099144081,2024-08-31,0.0
990025,27,1,2,0,0,1,1,Data Consultant,0.20273972602739726,-1.6693163811281764,0.0,-0.7967197067870281,0.0,6,0.20273972602739726,1,1,7,1,-1.0100244096305098,0.0,1.7521058651356562,0.0,0.20273972602739726,0.9863,0.20273972602739726,0.0,0.20273972602739726,0.20273972602739726,1.0,0.0,18,3.0555555555555554,0,1.0,1.0,0.0,-2.0370999847181057,0.0,-0.7972943418912191,0.0,0.0,0.0,0.0,7.751067756118272,2024-08-31,0.0
990026,29,1,2,0,0,0,1,Human Resources,0.20273972602739726,-0.7335800530161034,0.0,-0.7967197067870281,0.0,11,0.20273972602739726,1,1,7,1,-0.5194567423777159,0.0,-1.5485919058012114,0.0,0.20273972602739726,1.005,0.20273972602739726,0.0,0.20273972602739726,0.20273972602739726,0.0,0.0,8,3.125,0,1.0,1.0,0.0,-0.842153572634441,0.0,-0.7972943418912191,0.0,0.0,13.0,0.0,2203.1728256522056,2024-08-31,0.0
990027,34,1,1,0,1,0,2,Software Development,0.0821917808219178,-0.7071067811865476,0.0,-1.1539739124425354,-0.7071067811865476,2,0.0821917808219178,1,1,3,2,0.7071067811865475,0.0,1.1510123215912071,0.0,0.0821917808219178,9.815,0.0821917808219178,0.0,0.0821917808219178,0.0821917808219178,0.0,0.0,7,3.2857142857142856,0,1.0,1.0,0.0,-0.7071067811865475,0.0,-1.154030038438107,-0.7071067811865475,0.0,0.0,0.0,2203.1728256522056,2024-08-31,0.0
990001,37,2,2,0,0,1,4,Business Development,4.372602739726028,1.2044759734601764,0.7071067811865477,1.4390553564248199,1.0377827271079039,6,4.372602739726028,1,2,4,3,0.8534967019627825,0.7071067811865476,0.19990612022732945,1.3560961139127856,4.372602739726028,0.9928,2.747945205479452,1.0,2.747945205479452,2.747945205479452,3.0,6.0,18,3.2777777777777777,0,1.0786106032906764,1.0786106032906764,4.266666666666667,0.3166584415555037,0.7071067811865476,0.7768660981450973,0.8131523067860791,0.0,0.0,0.0,0.0,2024-09-30,0.0
990002,37,2,1,0,4,0,7,Data Scientist,4.372602739726028,2.280065962027774,0.0,0.0,1.3072081662306223,11,4.372602739726028,1,1,1,4,2.3613882306974556,0.0,0.0,1.7061926605504587,4.372602739726028,1.0051,0.2493150684931507,2.0,0.2493150684931507,0.2493150684931507,2.0,7.0,19,3.1052631578947367,0,1.0,1.0,4.177777777777778,1.3900607162761258,0.0,0.0,-1.4538918442598159,0.0,0.0,0.0,8.016643112499974,2024-09-30,0.0
990003,31,2,2,0,1,1,3,Data Scientist,3.5972602739726027,0.6593799705456296,0.0,0.0,0.25249708699108936,6,3.5972602739726027,1,1,1,4,0.4024667818007897,0.0,0.0,1.4632425498322477,3.5972602739726027,0.9985,0.7479452054794521,2.0,0.7479452054794521,0.7479452054794521,2.0,7.0,20,3.05,0,1.0,1.0,4.375,0.37642183909760707,0.0,0.0,0.5179576484325764,0.0,0.0,0.0,585.5181984900419,2024-09-30,0.0
990005,29,1,2,0,1,0,2,Data Engineer,2.893150684931507,0.16436345906492816,0.0,0.6124574658250341,0.7071067811865475,6,2.893150684931507,1,1,3,2,-0.08701036374471013,0.0,-0.4956439252964986,0.5077949867536172,2.893150684931507,0.9865,1.747945205479452,1.0,1.747945205479452,1.747945205479452,1.0,7.0,14,2.857142857142857,0,1.0,1.0,4.514285714285714,0.45326049308031136,0.0,0.6110885101893945,-0.7071067811865402,0.0,0.0,0.0,0.0,2024-09-30,0.0
990006,30,1,2,0,0,0,4,Data Scientist,2.893150684931507,0.16436345906492816,0.0,-0.1508983877581013,-0.7053147411522316,6,2.893150684931507,1,1,4,4,1.1593283212340209,0.0,1.0328199805457863,2.9232443125618204,2.893150684931507,0.9916,0.4986301369863014,2.0,0.4986301369863014,0.4986301369863014,1.0,4.0,20,2.95,0,1.0,1.0,4.4,0.3902133923765542,0.0,0.9177941885115555,0.7679104010273906,0.0,0.0,0.0,8.016643112499974,2024-09-30,0.0
990008,33,1,1,0,0,0,4,Marketing,2.6164383561643834,0.9853293027495394,0.0,-0.44827862509601835,0.7071067811865476,11,2.6164383561643834,1,1,4,2,0.7460229853451271,0.0,-1.369195571973336,0.6802489257667803,2.6164383561643834,1.0125,0.5835616438356165,1.0,0.5835616438356165,0.5835616438356165,2.0,6.0,12,3.5833333333333335,0,1.0,1.0,2.96,0.7393939980192157,0.0,-0.6042291874461879,-0.707106781186548,4.0,0.0,0.0,678.8924358516423,2024-09-30,0.0
990009,25,1,2,0,2,0,2,Data Scientist,2.7835616438356166,0.0,0.0,0.5415164466175012,-0.85439051206948,1,0.7479452054794521,2,1,3,4,0.0,0.0,-0.6553683962947084,0.21944334109999997,0.41643835616438357,0.489387001650252,0.4986301369863014,1.0,0.4986301369863014,0.4986301369863014,2.0,7.0,16,2.75,2,1.0,1.0,4.34,0.0,0.0,0.5429415282487124,0.16802379479984011,0.0,0.0,0.0,0.0,2024-09-30,0.0
990011,22,1,2,0,0,0,0,Data Engineer,1.915068493150685,-0.523266481007486,0.0,1.9840105093295455,-0.7071067811865475,6,1.915068493150685,1,1,6,2,-1.3182570316223725,0.0,1.9388756005377277,0.0,1.915068493150685,0.9852,1.915068493150685,0.0,1.915068493150685,1.915068493150685,1.0,6.0,11,3.090909090909091,0,1.0,1.0,4.6000000000000005,0.5005458186081297,0.0,1.1731246729872047,0.7071067811865549,0.0,2.0,0.0,585.5181984900419,2024-09-30,0.0
990013,31,1,2,0,1,0,1,Software Development,1.810958904109589,0.7071067811865475,0.0,1.2867210288015853,0.7071067811865475,2,1.810958904109589,1,1,7,2,-0.7071067811865475,0.0,0.09845245560526707,0.0,1.810958904109589,0.9934,1.810958904109589,0.0,1.810958904109589,1.810958904109589,0.0,5.0,6,2.5,0,1.0,1.0,3.6333333333333333,0.7071067811865475,0.0,0.9919279606470168,0.7071067811865475,0.0,0.0,0.0,678.8924358516423,2024-09-30,0.0
990014,34,1,1,0,0,1,4,Business Development,2.252054794520548,0.7166865949741805,-0.7071067811865474,-0.8398783435707007,-0.08042214172947572,11,2.252054794520548,1,2,4,3,1.1879128045972394,-0.7071067811865476,0.13646947120022024,1.3900465304470968,2.252054794520548,0.9845,1.5013698630136987,1.0,1.5013698630136987,1.5013698630136987,2.0,6.0,10,2.8,6,0.9213893967093235,0.9213893967093235,2.5,0.4936129566338502,-0.7071067811865476,-1.0904310992104669,-1.1165673466316308,0.0,0.0,0.0,8.016643112499974,2024-09-30,0.0
990015,24,1,2,0,2,0,1,Project Management,1.5643835616438355,0.2096992291725632,0.5773502691896257,0.9500788991732636,0.5773502691896257,11,1.5643835616438355,1,3,7,3,-0.40069729574848195,-0.2558444850170829,0.10888779474828593,0.42699321367594945,1.082191780821918,0.9946,0.41643835616438357,1.0,0.41643835616438357,0.41643835616438357,2.0,3.0,16,3.0,0,1.0155148095909732,1.0,3.5,1.0279195683411666,0.41478067789216994,0.9262684266089165,0.41478067789216994,0.0,0.0,0.0,0.0,2024-09-30,0.0
990016,29,1,1,0,2,1,1,Project Management,1.5643835616438355,0.2096992291725632,0.5773502691896257,0.9500788991732636,0.5773502691896257,11,1.5643835616438355,1,3,7,3,-0.40362578157826895,-0.8472227208762558,0.06801604977146206,0.0,1.5643835616438355,0.9899,1.5643835616438355,0.0,1.5643835616438355,1.5643835616438355,2.0,3.0,16,3.0625,0,1.0366713681241184,1.0208333333333333,4.2,1.4019341965362884,0.7258661863112975,1.2709809803089438,0.7258661863112975,0.0,0.0,0.0,585.5181984900419,2024-09-30,0.0
990018,23,1,2,0,0,0,0,Marketing,0.589041095890411,0.0,0.0,-0.10882149905875832,-0.7071067811865477,1,0.589041095890411,2,1,6,2,0.0,0.0,-0.5352670502306075,0.0,0.589041095890411,1.0094,0.589041095890411,0.0,0.589041095890411,0.589041095890411,2.0,0.0,7,2.7142857142857144,0,1.0,1.0,3.6,0.0,0.0,0.7219228756844335,0.707106781186547,0.0,6.0,0.0,0.0,2024-09-30,0.0
990019,23,1,2,0,0,0,0,Business Development,0.589041095890411,0.0,0.0,-0.10882149905875832,-0.957360585378428,1,0.589041095890411,1,1,6,3,0.0,0.0,0.23579680981622306,0.0,0.589041095890411,0.9884,0.589041095890411,0.0,0.589041095890411,0.589041095890411,2.0,0.0,16,3.0,0,1.0,1.0,3.8,0.0,0.0,0.8121632351449876,0.3034150398455518,0.0,0.0,0.0,8.016643112499974,2024-09-30,0.0
990020,30,1,2,0,0,0,1,Project Management,0.28493150684931506,-0.7335800530161033,-1.1547005383792515,-0.7967197067870276,-1.1547005383792515,11,0.28493150684931506,1,3,7,3,-0.3939680091608863,1.103067205893357,0.2028058470354557,0.0,0.28493150684931506,1.0054,0.28493150684931506,0.0,0.28493150684931506,0.28493150684931506,1.0,0.0,10,2.8,6,0.9478138222849082,0.9333333333333332,0.0,-0.842153572634441,-1.1406468642034677,-0.7972943418912191,-1.1406468642034677,0.0,0.0,6.0,585.5181984900419,2024-09-30,0.0
990021,24,1,2,0,0,0,1,Operations,0.28493150684931506,-0.7335800530161033,0.0,-0.7967197067870276,0.0,11,0.28493150684931506,1,1,7,3,-0.45734168868165953,0.0,-0.681676106494918,0.0,0.28493150684931506,1.0041,0.28493150684931506,0.0,0.28493150684931506,0.28493150684931506,1.0,0.0,8,3.125,9,1.0,1.0,0.0,-0.842153572634441,0.0,-0.7972943418912191,0.0,0.0,6.0,0.0,18.37432484557708,2024-09-30,0.0
990022,25,1,2,0,0,0,0,Operations,0.28493150684931506,-0.7335800530161033,0.0,-0.5887891704040098,0.0,11,0.28493150684931506,1,2,6,3,-0.7062255992880664,-0.7071067811865475,-0.5391948149693571,0.0,0.28493150684931506,1.0085,0.28493150684931506,0.0,0.28493150684931506,0.28493150684931506,2.0,0.0,12,3.6666666666666665,5,1.1210191082802548,1.1210191082802548,0.0,-0.842153572634441,0.0,-0.9024035946055419,0.0,0.0,0.0,0.0,2203.1728256522056,2024-09-30,0.0
990023,23,1,2,0,0,0,0,Operations,0.28493150684931506,-0.7335800530161033,0.0,-0.5887891704040098,0.0,11,0.28493150684931506,2,2,6,3,-0.7043875071183064,0.7071067811865475,-0.5134461350153368,0.0,0.28493150684931506,1.0144,0.28493150684931506,0.0,0.28493150684931506,0.28493150684931506,2.0,0.0,8,2.875,9,0.8789808917197452,0.8789808917197452,0.0,-0.842153572634441,0.0,-0.9024035946055419,0.0,0.0,0.0,0.0,2203.1728256522056,2024-09-30,0.0
990024,22,1,2,0,0,0,0,Sales,0.28493150684931506,-0.7335800530161033,0.0,-0.5887891704040098,0.0,11,0.28493150684931506,2,1,6,1,-0.7096213966864364,0.0,-0.5867644101386488,0.0,0.28493150684931506,0.9976,0.28493150684931506,0.0,0.28493150684931506,0.28493150684931506,1.0,0.0,11,2.909090909090909,0,1.0,1.0,0.0,-0.842153572634441,0.0,-0.9024035946055419,0.0,0.0,0.0,0.0,11.098526099144081,2024-09-30,0.0
990025,27,1,2,0,0,1,1,Data Consultant,0.28493150684931506,-1.6693163811281762,0.0,-0.7967197067870276,0.0,6,0.28493150684931506,1,1,7,1,-1.0100244096305098,0.0,1.7521058651356562,0.0,0.28493150684931506,0.9863,0.28493150684931506,0.0,0.28493150684931506,0.28493150684931506,1.0,0.0,18,3.0555555555555554,0,1.0,1.0,0.0,-2.0370999847181057,0.0,-0.7972943418912191,0.0,0.0,0.0,0.0,7.751067756118272,2024-09-30,0.0
990026,29,1,2,0,0,0,1,Human Resources,0.28493150684931506,-0.7335800530161033,0.0,-0.7967197067870276,0.0,11,0.28493150684931506,1,1,7,1,-0.5194567423777159,0.0,-1.5485919058012114,0.0,0.28493150684931506,1.005,0.28493150684931506,0.0,0.28493150684931506,0.28493150684931506,0.0,0.0,8,3.125,0,1.0,1.0,0.0,-0.842153572634441,0.0,-0.7972943418912191,0.0,0.0,13.0,0.0,2203.1728256522056,2024-09-30,0.0
990027,34,1,1,0,1,0,2,Software Development,0.1643835616438356,-0.7071067811865475,0.0,-1.1539739124425352,-0.7071067811865475,2,0.1643835616438356,1,1,3,2,0.7071067811865475,0.0,1.1510123215912071,0.0,0.1643835616438356,9.815,0.1643835616438356,0.0,0.1643835616438356,0.1643835616438356,0.0,0.0,7,3.2857142857142856,0,1.0,1.0,0.0,-0.7071067811865475,0.0,-1.154030038438107,-0.7071067811865475,0.0,0.0,0.0,2203.1728256522056,2024-09-30,0.0
990001,37,2,2,0,0,1,4,Business Development,4.457534246575342,1.2044759734601767,0.7071067811865476,1.43905535642482,1.0377827271079039,6,4.457534246575342,1,2,4,3,0.8534967019627825,0.7071067811865476,0.19990612022732945,1.3560961139127856,4.457534246575342,0.9928,2.8328767123287673,1.0,2.8328767123287673,2.8328767123287673,3.0,7.0,18,3.2777777777777777,0,1.0786106032906764,1.0786106032906764,4.266666666666667,0.3166584415555037,0.7071067811865476,0.7768660981450973,0.8131523067860791,0.0,0.0,0.0,0.0,2024-10-31,0.0
990002,37,2,1,0,4,0,7,Data Scientist,4.457534246575342,1.9061754108245865,0.0,0.0,1.3072081662306227,8,4.457534246575342,1,1,1,4,1.8970293335987163,0.0,0.0,1.7061926605504587,4.457534246575342,1.0051,0.33424657534246577,2.0,0.33424657534246577,0.33424657534246577,2.0,8.0,19,3.1052631578947367,0,1.0,1.0,4.177777777777778,1.266103267950069,0.0,0.0,-1.4538918442598159,0.0,0.0,0.0,8.016643112499974,2024-10-31,0.0
990003,31,2,2,0,1,1,3,Data Scientist,3.682191780821918,0.65937997054563,0.0,0.0,0.25249708699109,6,3.682191780821918,1,1,1,4,0.4024667818007897,0.0,0.0,1.4632425498322477,3.682191780821918,0.9985,0.8328767123287671,2.0,0.8328767123287671,0.8328767123287671,3.0,8.0,20,3.05,0,1.0,1.0,4.375,0.37642183909760707,0.0,0.0,0.5179576484325764,0.0,0.0,0.0,585.5181984900419,2024-10-31,0.0
990005,29,1,2,0,1,0,2,Data Engineer,2.978082191780822,0.1643634590649285,0.0,0.8166061111569505,0.7071067811865475,6,2.978082191780822,1,1,4,2,-0.08701036374471013,0.0,-0.41050358853345675,0.5077949867536172,2.978082191780822,0.9865,1.832876712328767,1.0,1.832876712328767,1.832876712328767,2.0,8.0,14,2.857142857142857,0,1.0,1.0,4.514285714285714,0.45326049308031136,0.0,0.5738513333762848,-0.7071067811865402,0.0,0.0,0.0,0.0,2024-10-31,0.0
990006,30,1,2,0,0,0,4,Data Scientist,2.978082191780822,0.1643634590649285,0.0,-0.15089838775810085,-0.7053147411522313,6,2.978082191780822,1,1,4,4,1.1593283212340209,0.0,1.0328199805457863,2.9232443125618204,2.978082191780822,0.9916,0.5835616438356165,2.0,0.5835616438356165,0.5835616438356165,2.0,5.0,20,2.95,0,1.0,1.0,4.4,0.3902133923765542,0.0,0.9177941885115555,0.7679104010273906,0.0,0.0,0.0,8.016643112499974,2024-10-31,0.0
990008,33,1,1,0,0,0,4,Marketing,2.7013698630136984,0.7436079147840916,0.0,-0.44827862509601796,0.7071067811865476,8,2.7013698630136984,1,1,4,2,0.46771750570233417,0.0,-1.369195571973336,0.6802489257667803,2.7013698630136984,1.0125,0.6684931506849315,1.0,0.6684931506849315,0.6684931506849315,2.0,7.0,12,3.5833333333333335,0,1.0,1.0,2.96,0.6362840546636622,0.0,-0.6042291874461879,-0.707106781186548,1.0,0.0,0.0,678.8924358516423,2024-10-31,0.0
990009,25,1,2,0,2,0,2,Data Scientist,2.8684931506849316,0.0,0.0,0.7307040876295922,-0.8543905120694798,1,0.8328767123287671,2,1,4,4,0.0,0.0,-0.5954031335772965,0.21944334109999997,0.5013698630136987,0.489387001650252,0.5835616438356165,1.0,0.5835616438356165,0.5835616438356165,3.0,8.0,16,2.75,2,1.0,1.0,4.34,0.0,0.0,0.4938857563666825,0.16802379479984011,3.0,0.0,0.0,0.0,2024-10-31,0.0
990011,22,1,2,0,0,0,0,Data Engineer,2.0,-0.5232664810074857,0.0,1.9840105093295455,-0.7071067811865475,6,2.0,1,1,6,2,-1.3182570316223725,0.0,1.9388756005377277,0.0,2.0,0.9852,2.0,0.0,2.0,2.0,2.0,7.0,11,3.090909090909091,0,1.0,1.0,4.6000000000000005,0.5005458186081297,0.0,1.1731246729872047,0.7071067811865549,0.0,2.0,0.0,585.5181984900419,2024-10-31,0.0
990013,31,1,2,0,1,0,1,Software Development,1.895890410958904,0.7071067811865475,0.0,1.4528012460728505,0.7071067811865475,2,1.895890410958904,1,1,6,2,-0.7071067811865475,0.0,0.10026780442902215,0.0,1.895890410958904,0.9934,1.895890410958904,0.0,1.895890410958904,1.895890410958904,1.0,6.0,6,2.5,0,1.0,1.0,3.6333333333333333,0.7071067811865475,0.0,1.3268429255148466,0.7071067811865475,0.0,0.0,0.0,678.8924358516423,2024-10-31,0.0
990014,34,1,1,0,0,1,4,Business Development,2.336986301369863,0.5023887619394961,-0.7071067811865476,-0.8398783435707003,-0.0804221417294755,8,2.336986301369863,1,2,4,3,0.858711645944766,-0.7071067811865476,0.13646947120022024,1.3900465304470968,2.336986301369863,0.9845,1.5863013698630137,1.0,1.5863013698630137,1.5863013698630137,2.0,7.0,10,2.8,6,0.9213893967093235,0.9213893967093235,2.5,0.39837789198065826,-0.7071067811865476,-1.0904310992104669,-1.1165673466316308,0.0,0.0,0.0,8.016643112499974,2024-10-31,0.0
990015,24,1,2,0,2,0,1,Project Management,1.6493150684931508,1.1547005383792512,0.7071067811865474,1.114357470024818,0.5773502691896256,3,0.0821917808219178,1,2,6,3,0.47798730689687563,-0.7071067811865475,0.10979820960247377,0.42699321367594945,1.167123287671233,0.9946,0.5013698630136987,1.0,0.5013698630136987,0.5013698630136987,2.0,4.0,16,3.0,0,1.0344827586206897,1.0344827586206897,3.5,1.1547005383792512,0.7071067811865476,1.2544696750322184,0.41478067789216994,0.0,0.0,0.0,0.0,2024-10-31,0.0
990016,29,1,1,0,2,1,2,Project Management,1.6493150684931508,0.047155623864357135,0.0,-0.22495592411226953,0.5773502691896256,8,1.6493150684931508,1,1,4,3,-0.11827751920415315,0.0,-0.4897847075039211,0.7901808263460955,1.6493150684931508,0.9845,0.0821917808219178,1.0,0.0821917808219178,0.0821917808219178,2.0,4.0,16,3.0625,0,1.0,1.0,4.2,1.2775963192874122,0.0,0.4296511125392973,0.7258661863112975,0.0,0.0,0.0,585.5181984900419,2024-10-31,0.0
990018,23,1,2,0,0,0,0,Marketing,0.673972602739726,0.0,0.0,-0.10882149905875832,-0.7071067811865477,1,0.673972602739726,2,1,6,2,0.0,0.0,-0.5352670502306075,0.0,0.673972602739726,1.0094,0.673972602739726,0.0,0.673972602739726,0.673972602739726,2.0,1.0,7,2.7142857142857144,0,1.0,1.0,3.6,0.0,0.0,0.7219228756844335,0.707106781186547,0.0,0.0,0.0,0.0,2024-10-31,0.0
990019,23,1,2,0,0,0,0,Business Development,0.673972602739726,0.0,0.0,-0.10882149905875832,-0.9573605853784279,1,0.673972602739726,1,1,6,3,0.0,0.0,0.23579680981622306,0.0,0.673972602739726,0.9884,0.673972602739726,0.0,0.673972602739726,0.673972602739726,2.0,1.0,16,3.0,0,1.0,1.0,3.8,0.0,0.0,0.8121632351449876,0.3034150398455518,0.0,0.0,0.0,8.016643112499974,2024-10-31,0.0
990020,30,1,2,0,0,0,1,Project Management,0.3698630136986301,-0.5773502691896258,-0.7071067811865476,-0.6417896790244175,-1.1547005383792517,3,0.0821917808219178,2,2,6,3,0.671306352502403,0.7071067811865475,0.19557185616353825,0.0,0.3698630136986301,1.0054,0.3698630136986301,0.0,0.3698630136986301,0.3698630136986301,1.0,1.0,10,2.8,6,0.9655172413793103,0.9655172413793103,0.0,-0.5773502691896257,-0.7071067811865476,-0.6453281501367663,-1.1406468642034677,0.0,0.0,6.0,585.5181984900419,2024-10-31,0.0
990021,24,1,2,0,0,0,1,Operations,0.3698630136986301,-0.5773502691896258,0.0,-0.6417896790244175,0.0,3,0.0821917808219178,1,1,6,3,-1.1492936593992813,0.0,-0.6122094023295979,0.0,0.3698630136986301,1.0041,0.3698630136986301,0.0,0.3698630136986301,0.3698630136986301,1.0,1.0,8,3.125,9,1.0,1.0,0.0,-0.5773502691896257,0.0,-0.6453281501367663,0.0,0.0,6.0,0.0,18.37432484557708,2024-10-31,0.0
990022,25,1,2,0,0,0,0,Operations,0.3698630136986301,-0.7998319278531328,0.0,-0.5887891704040098,0.0,8,0.3698630136986301,1,2,6,3,-0.8172649990495666,-0.7071067811865475,-0.5391948149693571,0.0,0.3698630136986301,1.0085,0.3698630136986301,0.0,0.3698630136986301,0.3698630136986301,2.0,1.0,12,3.6666666666666665,5,1.1210191082802548,1.1210191082802548,0.0,-0.8945903834704503,0.0,-0.9024035946055419,0.0,0.0,0.0,0.0,2203.1728256522056,2024-10-31,0.0
990023,23,1,2,0,0,0,0,Operations,0.3698630136986301,-0.7998319278531328,0.0,-0.5887891704040098,0.0,8,0.3698630136986301,2,2,6,3,-0.8156386133844296,0.7071067811865475,-0.5134461350153368,0.0,0.3698630136986301,1.0144,0.3698630136986301,0.0,0.3698630136986301,0.3698630136986301,2.0,1.0,8,2.875,9,0.8789808917197452,0.8789808917197452,0.0,-0.8945903834704503,0.0,-0.9024035946055419,0.0,0.0,0.0,0.0,2203.1728256522056,2024-10-31,0.0
990024,22,1,2,0,0,0,0,Sales,0.3698630136986301,-0.7998319278531328,0.0,-0.5887891704040098,0.0,8,0.3698630136986301,2,1,6,1,-0.8202696776512604,0.0,-0.5867644101386488,0.0,0.3698630136986301,0.9976,0.3698630136986301,0.0,0.3698630136986301,0.3698630136986301,1.0,1.0,11,2.909090909090909,0,1.0,1.0,0.0,-0.8945903834704503,0.0,-0.9024035946055419,0.0,5.0,0.0,0.0,11.098526099144081,2024-10-31,0.0
990025,27,1,2,0,0,1,1,Data Consultant,0.3698630136986301,-1.669316381128176,0.0,-0.6417896790244175,0.0,6,0.3698630136986301,1,1,6,1,-1.0100244096305098,0.0,1.610519344248654,0.0,0.3698630136986301,0.9863,0.3698630136986301,0.0,0.3698630136986301,0.3698630136986301,2.0,1.0,18,3.0555555555555554,0,1.0,1.0,0.0,-2.0370999847181057,0.0,-0.6453281501367663,0.0,0.0,0.0,0.0,7.751067756118272,2024-10-31,0.0
990026,29,1,2,0,0,0,1,Human Resources,0.3698630136986301,-0.7998319278531328,0.0,-0.6417896790244175,0.0,8,0.3698630136986301,1,1,6,1,-0.6520076759564069,0.0,-1.4039478121140916,0.0,0.3698630136986301,1.005,0.3698630136986301,0.0,0.3698630136986301,0.3698630136986301,0.0,1.0,8,3.125,0,1.0,1.0,0.0,-0.8945903834704503,0.0,-0.6453281501367663,0.0,5.0,8.0,0.0,2203.1728256522056,2024-10-31,0.0
990027,34,1,1,0,1,0,2,Software Development,0.2493150684931507,-0.7071067811865475,0.0,-1.3223542746742727,-0.7071067811865475,2,0.2493150684931507,2,1,4,2,0.7071067811865475,0.0,1.4956914296146744,0.0,0.2493150684931507,9.815,0.2493150684931507,0.0,0.2493150684931507,0.2493150684931507,0.0,1.0,7,3.2857142857142856,0,1.0,1.0,0.0,-0.7071067811865475,0.0,-1.4973882022822649,-0.7071067811865475,0.0,0.0,0.0,2203.1728256522056,2024-10-31,0.0
990001,37,2,2,0,0,1,4,Business Development,4.53972602739726,1.2044759734601762,0.7071067811865476,1.43905535642482,1.0377827271079039,6,4.53972602739726,1,2,4,3,0.8534967019627825,0.7071067811865476,0.19990612022732945,1.3560961139127856,4.53972602739726,0.9928,2.915068493150685,1.0,2.915068493150685,2.915068493150685,3.0,7.0,18,3.2777777777777777,0,1.0786106032906764,1.0786106032906764,4.266666666666667,0.3166584415555037,0.7071067811865476,0.7768660981450973,0.8131523067860791,0.0,0.0,0.0,0.0,2024-11-30,0.0
990002,37,2,1,0,4,0,7,Data Scientist,4.53972602739726,1.9061754108245865,0.0,0.0,1.3072081662306223,8,4.53972602739726,1,1,1,4,1.8970293335987163,0.0,0.0,1.7061926605504587,4.53972602739726,1.0051,0.41643835616438357,2.0,0.41643835616438357,0.41643835616438357,2.0,8.0,19,3.1052631578947367,0,1.0,1.0,4.177777777777778,1.266103267950069,0.0,0.0,-1.4538918442598159,0.0,0.0,0.0,8.016643112499974,2024-11-30,0.0
990003,31,2,2,0,1,1,3,Data Scientist,3.7643835616438355,0.6593799705456292,0.0,0.0,0.25249708699108936,6,3.7643835616438355,1,1,1,4,0.4024667818007897,0.0,0.0,1.4632425498322477,3.7643835616438355,0.9985,0.915068493150685,2.0,0.915068493150685,0.915068493150685,3.0,8.0,20,3.05,0,1.0,1.0,4.375,0.37642183909760707,0.0,0.0,0.5179576484325764,0.0,0.0,0.0,585.5181984900419,2024-11-30,0.0
990005,29,1,2,0,1,0,2,Data Engineer,3.0602739726027397,0.16436345906492786,0.0,0.8166061111569505,0.7071067811865475,6,3.0602739726027397,1,1,4,2,-0.08701036374471013,0.0,-0.41050358853345675,0.5077949867536172,3.0602739726027397,0.9865,1.915068493150685,1.0,1.915068493150685,1.915068493150685,2.0,8.0,14,2.857142857142857,0,1.0,1.0,4.514285714285714,0.45326049308031136,0.0,0.5738513333762848,-0.7071067811865402,0.0,0.0,0.0,0.0,2024-11-30,0.0
990006,30,1,2,0,0,0,4,Data Scientist,3.0602739726027397,0.16436345906492786,0.0,-0.15089838775810133,-0.7053147411522316,6,3.0602739726027397,1,1,4,4,1.1593283212340209,0.0,1.0328199805457863,2.9232443125618204,3.0602739726027397,0.9916,0.6657534246575343,2.0,0.6657534246575343,0.6657534246575343,2.0,5.0,20,2.95,0,1.0,1.0,4.4,0.3902133923765542,0.0,0.9177941885115555,0.7679104010273906,0.0,0.0,0.0,8.016643112499974,2024-11-30,0.0
990008,33,1,1,0,0,0,4,Marketing,2.7835616438356166,0.7436079147840918,0.0,-0.44827862509601796,0.7071067811865476,8,2.7835616438356166,1,1,4,2,0.46771750570233417,0.0,-1.369195571973336,0.6802489257667803,2.7835616438356166,1.0125,0.7506849315068493,1.0,0.7506849315068493,0.7506849315068493,2.0,7.0,12,3.5833333333333335,0,1.0,1.0,2.96,0.6362840546636622,0.0,-0.6042291874461879,-0.707106781186548,1.0,0.0,0.0,678.8924358516423,2024-11-30,0.3333333333333333
990009,25,1,2,0,2,0,2,Data Scientist,2.9506849315068493,0.0,0.0,0.7307040876295922,-0.85439051206948,1,0.915068493150685,2,1,4,4,0.0,0.0,-0.5954031335772965,0.21944334109999997,0.5835616438356165,0.489387001650252,0.6657534246575343,1.0,0.6657534246575343,0.6657534246575343,3.0,8.0,16,2.75,2,1.0,1.0,4.34,0.0,0.0,0.4938857563666825,0.16802379479984011,3.0,0.0,0.0,0.0,2024-11-30,0.0
990011,22,1,2,0,0,0,0,Data Engineer,2.0821917808219177,-0.5232664810074863,0.0,1.984010509329546,-0.7071067811865475,6,2.0821917808219177,1,1,6,2,-1.3182570316223725,0.0,1.9388756005377277,0.0,2.0821917808219177,0.9852,2.0821917808219177,0.0,2.0821917808219177,2.0821917808219177,2.0,7.0,11,3.090909090909091,0,1.0,1.0,4.6000000000000005,0.5005458186081297,0.0,1.1731246729872047,0.7071067811865549,0.0,2.0,0.0,585.5181984900419,2024-11-30,0.0
990013,31,1,2,0,1,0,1,Software Development,1.978082191780822,0.7071067811865475,0.0,1.4528012460728512,0.7071067811865475,2,1.978082191780822,1,1,6,2,-0.7071067811865475,0.0,0.10026780442902215,0.0,1.978082191780822,0.9934,1.978082191780822,0.0,1.978082191780822,1.978082191780822,1.0,6.0,6,2.5,0,1.0,1.0,3.6333333333333333,0.7071067811865475,0.0,1.3268429255148466,0.7071067811865475,1.0,0.0,0.0,678.8924358516423,2024-11-30,0.0
990014,34,1,1,0,0,1,4,Business Development,2.419178082191781,0.5023887619394962,-0.7071067811865476,-0.8398783435707003,-0.08042214172947548,8,2.419178082191781,1,2,4,3,0.858711645944766,-0.7071067811865476,0.13646947120022024,1.3900465304470968,2.419178082191781,0.9845,1.6684931506849314,1.0,1.6684931506849314,1.6684931506849314,2.0,7.0,10,2.8,6,0.9213893967093235,0.9213893967093235,2.5,0.39837789198065826,-0.7071067811865476,-1.0904310992104669,-1.1165673466316308,0.0,0.0,0.0,8.016643112499974,2024-11-30,0.0
990015,24,1,2,0,2,0,1,Project Management,1.7315068493150685,1.1547005383792515,0.7071067811865476,1.1143574700248184,0.5773502691896257,3,0.1643835616438356,1,2,6,3,0.47798730689687563,-0.7071067811865475,0.10979820960247377,0.42699321367594945,1.2493150684931507,0.9946,0.5835616438356165,1.0,0.5835616438356165,0.5835616438356165,2.0,4.0,16,3.0,0,1.0344827586206897,1.0344827586206897,3.5,1.1547005383792512,0.7071067811865476,1.2544696750322184,0.41478067789216994,0.0,0.0,0.0,0.0,2024-11-30,0.0
990016,29,1,1,0,2,1,2,Project Management,1.7315068493150685,0.04715562386435699,0.0,-0.22495592411226975,0.5773502691896257,8,1.7315068493150685,1,1,4,3,-0.11827751920415315,0.0,-0.4897847075039211,0.7901808263460955,1.7315068493150685,0.9845,0.1643835616438356,1.0,0.1643835616438356,0.1643835616438356,2.0,4.0,16,3.0625,0,1.0,1.0,4.2,1.2775963192874122,0.0,0.4296511125392973,0.7258661863112975,0.0,0.0,0.0,585.5181984900419,2024-11-30,0.0
990018,23,1,2,0,0,0,0,Marketing,0.7561643835616438,0.0,0.0,-0.10882149905875799,-0.7071067811865476,1,0.7561643835616438,2,1,6,2,0.0,0.0,-0.5352670502306075,0.0,0.7561643835616438,1.0094,0.7561643835616438,0.0,0.7561643835616438,0.7561643835616438,2.0,1.0,7,2.7142857142857144,0,1.0,1.0,3.6,0.0,0.0,0.7219228756844335,0.707106781186547,0.0,0.0,0.0,0.0,2024-11-30,0.0
990019,23,1,2,0,0,0,0,Business Development,0.7561643835616438,0.0,0.0,-0.10882149905875799,-0.957360585378428,1,0.7561643835616438,1,1,6,3,0.0,0.0,0.23579680981622306,0.0,0.7561643835616438,0.9884,0.7561643835616438,0.0,0.7561643835616438,0.7561643835616438,2.0,1.0,16,3.0,0,1.0,1.0,3.8,0.0,0.0,0.8121632351449876,0.3034150398455518,3.0,0.0,0.0,8.016643112499974,2024-11-30,0.0
990020,30,1,2,0,0,0,1,Project Management,0.4520547945205479,-0.5773502691896258,-0.7071067811865476,-0.6417896790244169,-1.1547005383792515,3,0.1643835616438356,2,2,6,3,0.671306352502403,0.7071067811865475,0.19557185616353825,0.0,0.4520547945205479,1.0054,0.4520547945205479,0.0,0.4520547945205479,0.4520547945205479,1.0,1.0,10,2.8,6,0.9655172413793103,0.9655172413793103,0.0,-0.5773502691896257,-0.7071067811865476,-0.6453281501367663,-1.1406468642034677,0.0,0.0,11.0,585.5181984900419,2024-11-30,0.0
990021,24,1,2,0,0,0,1,Operations,0.4520547945205479,-0.5773502691896258,0.0,-0.6417896790244169,0.0,3,0.1643835616438356,1,1,6,3,-1.1492936593992813,0.0,-0.6122094023295979,0.0,0.4520547945205479,1.0041,0.4520547945205479,0.0,0.4520547945205479,0.4520547945205479,1.0,1.0,8,3.125,9,1.0,1.0,0.0,-0.5773502691896257,0.0,-0.6453281501367663,0.0,0.0,6.0,0.0,18.37432484557708,2024-11-30,0.0
990022,25,1,2,0,0,0,0,Operations,0.4520547945205479,-0.7998319278531328,0.0,-0.5887891704040096,0.0,8,0.4520547945205479,1,2,6,3,-0.8172649990495666,-0.7071067811865475,-0.5391948149693571,0.0,0.4520547945205479,1.0085,0.4520547945205479,0.0,0.4520547945205479,0.4520547945205479,2.0,1.0,12,3.6666666666666665,5,1.1210191082802548,1.1210191082802548,0.0,-0.8945903834704503,0.0,-0.9024035946055419,0.0,0.0,0.0,0.0,2203.1728256522056,2024-11-30,0.0
990023,23,1,2,0,0,0,0,Operations,0.4520547945205479,-0.7998319278531328,0.0,-0.5887891704040096,0.0,8,0.4520547945205479,2,2,6,3,-0.8156386133844296,0.7071067811865475,-0.5134461350153368,0.0,0.4520547945205479,1.0144,0.4520547945205479,0.0,0.4520547945205479,0.4520547945205479,2.0,1.0,8,2.875,9,0.8789808917197452,0.8789808917197452,0.0,-0.8945903834704503,0.0,-0.9024035946055419,0.0,2.0,7.0,0.0,2203.1728256522056,2024-11-30,0.0
990024,22,1,2,0,0,0,0,Sales,0.4520547945205479,-0.7998319278531328,0.0,-0.5887891704040096,0.0,8,0.4520547945205479,2,1,6,1,-0.8202696776512604,0.0,-0.5867644101386488,0.0,0.4520547945205479,0.9976,0.4520547945205479,0.0,0.4520547945205479,0.4520547945205479,1.0,1.0,11,2.909090909090909,0,1.0,1.0,0.0,-0.8945903834704503,0.0,-0.9024035946055419,0.0,5.0,0.0,0.0,11.098526099144081,2024-11-30,0.3333333333333333
990025,27,1,2,0,0,1,1,Data Consultant,0.4520547945205479,-1.6693163811281764,0.0,-0.6417896790244169,0.0,6,0.4520547945205479,1,1,6,1,-1.0100244096305098,0.0,1.610519344248654,0.0,0.4520547945205479,0.9863,0.4520547945205479,0.0,0.4520547945205479,0.4520547945205479,2.0,1.0,18,3.0555555555555554,0,1.0,1.0,0.0,-2.0370999847181057,0.0,-0.6453281501367663,0.0,0.0,0.0,0.0,7.751067756118272,2024-11-30,0.0
990026,29,1,2,0,0,0,1,Human Resources,0.4520547945205479,-0.7998319278531328,0.0,-0.6417896790244169,0.0,8,0.4520547945205479,1,1,6,1,-0.6520076759564069,0.0,-1.4039478121140916,0.0,0.4520547945205479,1.005,0.4520547945205479,0.0,0.4520547945205479,0.4520547945205479,0.0,1.0,8,3.125,0,1.0,1.0,0.0,-0.8945903834704503,0.0,-0.6453281501367663,0.0,5.0,8.0,0.0,2203.1728256522056,2024-11-30,0.0
990027,34,1,1,0,1,0,2,Software Development,0.3315068493150685,-0.7071067811865475,0.0,-1.322354274674273,-0.7071067811865475,2,0.3315068493150685,2,1,4,2,0.7071067811865475,0.0,1.4956914296146744,0.0,0.3315068493150685,9.815,0.3315068493150685,0.0,0.3315068493150685,0.3315068493150685,0.0,1.0,7,3.2857142857142856,0,1.0,1.0,0.0,-0.7071067811865475,0.0,-1.4973882022822649,-0.7071067811865475,0.0,0.0,0.0,2203.1728256522056,2024-11-30,0.0
990001,37,2,2,0,0,1,4,Business Development,4.624657534246575,1.2044759734601758,0.7071067811865474,1.43905535642482,1.0377827271079036,6,4.624657534246575,1,2,4,3,0.8534967019627825,0.7071067811865476,0.19990612022732945,1.3560961139127856,4.624657534246575,0.9928,3.0,1.0,3.0,3.0,3.0,7.0,18,3.2777777777777777,0,1.0786106032906764,1.0786106032906764,4.25,-1.279563800943725,0.7071067811865475,0.7354991337173562,1.0084365131198294,0.0,0.0,0.0,0.0,2024-12-31,0.0
990002,37,2,1,0,4,0,7,Data Scientist,4.624657534246575,1.906175410824586,0.0,0.0,1.3072081662306223,8,4.624657534246575,1,1,1,4,1.8970293335987163,0.0,0.0,1.7061926605504587,4.624657534246575,1.0051,0.5013698630136987,2.0,0.5013698630136987,0.5013698630136987,2.0,8.0,19,3.1052631578947367,0,1.0,1.0,4.18,1.014694685637354,0.0,0.0,-1.3835503021122422,0.0,0.0,0.0,8.016643112499974,2024-12-31,0.0
990003,31,2,2,0,1,1,3,Data Scientist,3.8493150684931505,0.659379970545629,0.0,0.0,0.25249708699108947,6,3.8493150684931505,1,1,1,4,0.4024667818007897,0.0,0.0,1.4632425498322477,3.8493150684931505,0.9985,1.0,2.0,1.0,1.0,3.0,8.0,20,3.05,0,1.0,1.0,4.366666666666666,-0.5035106653533074,0.0,0.0,0.2649351642342526,0.0,0.0,0.0,585.5181984900419,2024-12-31,0.0
990005,29,1,2,0,1,0,2,Data Engineer,3.1452054794520548,0.16436345906492758,0.0,0.8166061111569508,0.7071067811865475,6,3.1452054794520548,1,1,4,2,-0.08701036374471013,0.0,-0.41050358853345675,0.5077949867536172,3.1452054794520548,0.9865,2.0,1.0,2.0,2.0,2.0,8.0,14,2.857142857142857,0,1.0,1.0,4.4875,0.30025865365105814,0.0,0.28350779657160946,0.7071067811865547,0.0,0.0,0.0,0.0,2024-12-31,0.0
990006,30,1,2,0,0,0,4,Data Scientist,3.1452054794520548,0.16436345906492758,0.0,-0.15089838775810138,-0.7053147411522319,6,3.1452054794520548,1,1,4,4,1.1593283212340209,0.0,1.0328199805457863,2.9232443125618204,3.1452054794520548,0.9916,0.7506849315068493,2.0,0.7506849315068493,0.7506849315068493,2.0,5.0,20,2.95,0,1.0,1.0,4.45,0.05081300292556823,0.0,0.9294769272252305,1.0008661759960864,0.0,0.0,7.0,8.016643112499974,2024-12-31,0.0
990008,33,1,1,0,0,0,4,Marketing,2.8684931506849316,0.7436079147840918,0.0,-0.44827862509601807,0.7071067811865476,8,2.8684931506849316,1,1,4,2,0.46771750570233417,0.0,-1.369195571973336,0.6802489257667803,2.8684931506849316,1.0125,0.8356164383561644,1.0,0.8356164383561644,0.8356164383561644,2.0,7.0,12,3.5833333333333335,0,1.0,1.0,2.966666666666667,-0.4678898224288653,0.0,-0.5091917079581689,-0.7071067811865476,7.0,0.0,0.0,678.8924358516423,2024-12-31,0.6666666666666666
990009,25,1,2,0,2,0,2,Data Scientist,3.0356164383561643,0.0,0.0,0.7307040876295925,-0.8543905120694804,1,1.0,2,1,4,4,0.0,0.0,-0.5954031335772965,0.21944334109999997,0.6684931506849315,0.489387001650252,0.7506849315068493,1.0,0.7506849315068493,0.7506849315068493,3.0,8.0,16,2.75,2,1.0,1.0,4.3500000000000005,0.0,0.0,-0.31050853910223747,0.11774896188189528,6.0,0.0,0.0,0.0,2024-12-31,0.0
990011,22,1,2,0,0,0,0,Data Engineer,2.1671232876712327,-0.5232664810074867,0.0,1.9840105093295455,-0.7071067811865475,6,2.1671232876712327,1,1,6,2,-1.3182570316223725,0.0,1.9388756005377277,0.0,2.1671232876712327,0.9852,2.1671232876712327,0.0,2.1671232876712327,2.1671232876712327,2.0,7.0,11,3.090909090909091,0,1.0,1.0,4.4,-0.2817811980417536,0.0,0.978577541406748,-0.7071067811865404,0.0,2.0,0.0,585.5181984900419,2024-12-31,0.0
990013,31,1,2,0,1,0,1,Software Development,2.063013698630137,0.7071067811865475,0.0,1.452801246072851,0.7071067811865475,2,2.063013698630137,1,1,6,2,-0.7071067811865475,0.0,0.03411226549061502,0.0,2.063013698630137,0.9934,2.063013698630137,0.0,2.063013698630137,2.063013698630137,1.0,6.0,6,2.5,0,1.0,1.0,3.55,-0.7071067811865475,0.0,0.3364861559300855,-0.7071067811865475,1.0,0.0,0.0,678.8924358516423,2024-12-31,0.0
990014,34,1,1,0,0,1,4,Business Development,2.504109589041096,0.5023887619394962,-0.7071067811865477,-0.8398783435707006,-0.0804221417294755,8,2.504109589041096,1,2,4,3,0.858711645944766,-0.7071067811865476,0.13646947120022024,1.3900465304470968,2.504109589041096,0.9845,1.7534246575342465,1.0,1.7534246575342465,1.7534246575342465,2.0,7.0,10,2.8,6,0.9213893967093235,0.9213893967093235,2.3,-1.2824966949927228,-0.7071067811865475,-1.155784352984416,-0.9913443688296637,0.0,0.0,0.0,8.016643112499974,2024-12-31,0.0
990015,24,1,2,0,2,0,1,Project Management,1.8164383561643835,1.1547005383792515,0.7071067811865476,1.1143574700248184,0.5773502691896257,3,0.2493150684931507,1,2,6,3,0.8229229249924334,0.7071067811865476,0.42786581650551603,0.4979147763956443,0.07123287671232877,1.0440316200000002,0.6684931506849315,1.0,0.6684931506849315,0.6684931506849315,2.0,4.0,16,3.0,0,1.0344827586206897,1.0344827586206897,3.55,0.9683640522700837,0.7071067811865477,0.3364861559300855,0.3003987527960122,0.0,0.0,0.0,0.0,2024-12-31,0.0
990016,29,1,1,0,2,1,2,Project Management,1.8164383561643835,0.04715562386435699,0.0,-0.2249559241122694,0.5773502691896257,8,1.8164383561643835,1,1,4,3,-0.11827751920415315,0.0,-0.4897847075039211,0.7901808263460955,1.8164383561643835,0.9845,0.2493150684931507,1.0,0.2493150684931507,0.2493150684931507,2.0,4.0,16,3.0625,0,1.0,1.0,4.15,0.9780373763719813,0.0,-1.1745323000823837,0.815368043303462,0.0,0.0,0.0,585.5181984900419,2024-12-31,0.0
990018,23,1,2,0,0,0,0,Marketing,0.8410958904109589,0.0,0.0,-0.10882149905875815,-0.7071067811865476,1,0.8410958904109589,2,1,6,2,0.0,0.0,-0.5352670502306075,0.0,0.8410958904109589,1.0094,0.8410958904109589,0.0,0.8410958904109589,0.8410958904109589,2.0,1.0,7,2.7142857142857144,0,1.0,1.0,4.0,0.0,0.0,0.4508053842435579,0.7071067811865476,0.0,0.0,0.0,0.0,2024-12-31,0.0
990019,23,1,2,0,0,0,0,Business Development,0.8410958904109589,0.0,0.0,-0.10882149905875815,-0.9573605853784282,1,0.8410958904109589,1,1,6,3,0.0,0.0,0.23579680981622306,0.0,0.8410958904109589,0.9884,0.8410958904109589,0.0,0.8410958904109589,0.8410958904109589,2.0,1.0,16,3.0,0,1.0,1.0,3.25,0.0,0.0,-0.5387674104374226,-0.017092144290167,8.0,0.0,0.0,8.016643112499974,2024-12-31,0.0
990020,30,1,2,0,0,0,1,Project Management,0.536986301369863,-0.5773502691896257,-0.7071067811865476,-0.6417896790244172,-1.1547005383792515,3,0.2493150684931507,2,2,6,3,0.29003578955928905,-0.7071067811865476,0.1274342372580363,0.0,0.536986301369863,1.0054,0.536986301369863,0.0,0.536986301369863,0.536986301369863,1.0,1.0,10,2.8,6,0.9655172413793103,0.9655172413793103,1.9,-1.0288868055369642,-0.7071067811865474,-1.416783814442464,-1.1157667960994735,1.0,0.0,11.0,585.5181984900419,2024-12-31,0.0
990021,24,1,2,0,0,0,1,Operations,0.536986301369863,-0.5773502691896257,0.0,-0.6417896790244172,0.0,3,0.2493150684931507,1,1,6,3,-1.1129587145517204,0.0,-0.6635472417806652,0.0,0.536986301369863,1.0041,0.536986301369863,0.0,0.536986301369863,0.536986301369863,1.0,1.0,8,3.125,9,1.0,1.0,2.8,0.06052275326688003,0.0,-0.4604547396938007,-0.4789131426105761,0.0,6.0,0.0,18.37432484557708,2024-12-31,0.0
990022,25,1,2,0,0,0,0,Operations,0.536986301369863,-0.7998319278531328,0.0,-0.5887891704040096,0.0,8,0.536986301369863,1,2,6,3,-0.8172649990495666,-0.7071067811865475,-0.5391948149693571,0.0,0.536986301369863,1.0085,0.536986301369863,0.0,0.536986301369863,0.536986301369863,2.0,1.0,12,3.6666666666666665,5,1.1210191082802548,1.1210191082802548,4.5,1.4057059844680058,0.7071067811865478,1.110520580697545,1.1493915422653813,0.0,0.0,0.0,2203.1728256522056,2024-12-31,0.0
990023,23,1,2,0,0,0,0,Operations,0.536986301369863,-0.7998319278531328,0.0,-0.5887891704040096,0.0,8,0.536986301369863,2,2,6,3,-0.8156386133844296,0.7071067811865475,-0.5134461350153368,0.0,0.536986301369863,1.0144,0.536986301369863,0.0,0.536986301369863,0.536986301369863,2.0,1.0,8,2.875,9,0.8789808917197452,0.8789808917197452,2.6,-0.9159236023389867,-0.7071067811865475,-1.3963971658276055,-0.6704783996548062,2.0,7.0,0.0,2203.1728256522056,2024-12-31,0.0
990024,22,1,2,0,0,0,0,Sales,0.536986301369863,-0.7998319278531328,0.0,-0.5887891704040096,0.0,8,0.536986301369863,2,1,6,1,-0.8202696776512604,0.0,-0.5867644101386488,0.0,0.536986301369863,0.9976,0.536986301369863,0.0,0.536986301369863,0.536986301369863,1.0,1.0,11,2.909090909090909,0,1.0,1.0,3.2,-0.18277741703151523,0.0,-0.6047389300828211,0.0,5.0,0.0,0.0,11.098526099144081,2024-12-31,0.6666666666666666
990025,27,1,2,0,0,1,1,Data Consultant,0.536986301369863,-1.669316381128177,0.0,-0.6417896790244172,0.0,6,0.536986301369863,1,1,6,1,-1.0100244096305098,0.0,1.5129544447650174,0.0,0.536986301369863,0.9863,0.536986301369863,0.0,0.536986301369863,0.536986301369863,2.0,1.0,18,3.0555555555555554,0,1.0,1.0,4.7,1.7137840077621833,0.0,1.5584621958867113,0.0,0.0,0.0,0.0,7.751067756118272,2024-12-31,0.0
990026,29,1,2,0,0,0,1,Human Resources,0.536986301369863,-0.7998319278531328,0.0,-0.6417896790244172,0.0,8,0.536986301369863,1,1,6,1,-0.6520076759564069,0.0,-1.4388195222385185,0.0,0.536986301369863,1.005,0.536986301369863,0.0,0.536986301369863,0.536986301369863,0.0,1.0,8,3.125,0,1.0,1.0,2.9,-0.5493505096852512,0.0,-0.3541959536106158,0.0,5.0,8.0,0.0,2203.1728256522056,2024-12-31,0.0
990027,34,1,1,0,1,0,2,Software Development,0.41643835616438357,-0.7071067811865475,0.0,-1.3223542746742725,-0.7071067811865475,2,0.41643835616438357,2,1,4,2,0.7071067811865475,0.0,1.4956914296146744,0.0,0.41643835616438357,9.815,0.41643835616438357,0.0,0.41643835616438357,0.41643835616438357,0.0,1.0,7,3.2857142857142856,0,1.0,1.0,4.7,0.7071067811865475,0.0,1.2015330426130155,0.7071067811865475,0.0,0.0,0.0,2203.1728256522056,2024-12-31,0.0
990001,38,2,2,0,0,1,4,Business Development,4.7095890410958905,1.2044759734601769,0.7071067811865476,1.1034040833563494,1.0377827271079039,6,4.7095890410958905,1,2,3,3,0.8534967019627825,0.7071067811865476,-0.5127773553731839,1.3560961139127856,4.7095890410958905,0.9928,3.084931506849315,1.0,3.084931506849315,3.084931506849315,3.0,7.0,18,3.2777777777777777,0,1.0786106032906764,1.0786106032906764,4.25,-1.279563800943725,0.7071067811865475,0.49111018160337805,1.0084365131198294,0.0,0.0,0.0,0.0,2025-01-31,0.0
990002,38,2,1,0,4,0,7,Data Scientist,4.7095890410958905,1.760109126875387,0.0,0.0,1.3072081662306227,6,4.7095890410958905,1,1,1,4,1.6659749088020563,0.0,0.0,1.7061926605504587,4.7095890410958905,1.0051,0.5863013698630137,2.0,0.5863013698630137,0.5863013698630137,2.0,8.0,19,3.1052631578947367,0,1.0,1.0,4.18,0.7842216341950079,0.0,0.0,-1.3835503021122422,1.0,0.0,0.0,8.016643112499974,2025-01-31,0.0
990003,32,2,2,0,1,1,3,Data Scientist,3.9342465753424656,0.6593799705456299,0.0,0.0,0.2524970869910899,6,3.9342465753424656,1,1,1,4,0.4024667818007897,0.0,0.0,1.4632425498322477,3.9342465753424656,0.9985,1.084931506849315,2.0,1.084931506849315,1.084931506849315,3.0,8.0,20,3.05,0,1.0,1.0,4.366666666666666,-0.5035106653533074,0.0,0.0,0.2649351642342526,0.0,0.0,0.0,585.5181984900419,2025-01-31,0.0
990005,30,1,2,0,1,0,2,Data Engineer,3.23013698630137,0.16436345906492847,0.0,0.8166061111569505,0.7071067811865475,6,3.23013698630137,1,1,4,2,-0.08701036374471013,0.0,-0.41050358853345675,0.5077949867536172,3.23013698630137,0.9865,2.084931506849315,1.0,2.084931506849315,2.084931506849315,2.0,8.0,14,2.857142857142857,0,1.0,1.0,4.4875,0.30025865365105814,0.0,0.28350779657160946,0.7071067811865547,0.0,0.0,0.0,0.0,2025-01-31,0.0
990006,31,1,2,0,0,0,4,Data Scientist,3.23013698630137,0.16436345906492847,0.0,-0.256957115302164,-0.7053147411522309,6,3.23013698630137,1,1,3,4,1.1593283212340209,0.0,1.1523767009672408,2.9232443125618204,3.23013698630137,0.9916,0.8356164383561644,2.0,0.8356164383561644,0.8356164383561644,2.0,5.0,20,2.95,0,1.0,1.0,4.45,0.05081300292556823,0.0,0.6594908152959649,1.0008661759960864,0.0,0.0,7.0,8.016643112499974,2025-01-31,0.0
990009,26,1,2,0,2,0,2,Data Scientist,3.1205479452054794,0.0,0.0,0.7307040876295922,-0.8543905120694794,1,1.084931506849315,1,1,4,4,0.0,0.0,-0.5954031335772965,0.21944334109999997,0.7534246575342466,0.489387001650252,0.8356164383561644,1.0,0.8356164383561644,0.8356164383561644,3.0,8.0,16,2.75,2,1.0,1.0,4.3500000000000005,0.0,0.0,-0.31050853910223747,0.11774896188189528,3.0,0.0,0.0,0.0,2025-01-31,0.0
990011,23,1,2,0,0,0,0,Data Engineer,2.252054794520548,-0.5232664810074857,0.0,1.7433254758526855,-0.7071067811865475,6,2.252054794520548,2,1,5,2,-1.3182570316223725,0.0,1.6253648830899625,0.0,2.252054794520548,0.9852,2.252054794520548,0.0,2.252054794520548,2.252054794520548,2.0,7.0,11,3.090909090909091,0,1.0,1.0,4.4,-0.2817811980417536,0.0,0.8031426821797806,-0.7071067811865404,0.0,0.0,0.0,585.5181984900419,2025-01-31,0.0
990013,32,1,2,0,1,0,1,Software Development,2.147945205479452,0.7071067811865475,0.0,1.45280124607285,0.7071067811865475,2,2.147945205479452,1,1,6,2,-0.7071067811865475,0.0,0.03411226549061502,0.0,2.147945205479452,0.9934,2.147945205479452,0.0,2.147945205479452,2.147945205479452,1.0,6.0,6,2.5,0,1.0,1.0,3.55,-0.7071067811865475,0.0,0.3364861559300855,-0.7071067811865475,1.0,0.0,0.0,678.8924358516423,2025-01-31,0.0
990014,35,1,1,0,0,1,4,Business Development,2.589041095890411,0.4574881252484074,-0.7071067811865476,-0.8464469680541863,-0.08042214172947548,6,2.589041095890411,1,2,3,3,0.7249757006435041,-0.7071067811865476,-0.6395993455940544,1.3900465304470968,2.589041095890411,0.9845,1.8383561643835618,1.0,1.8383561643835618,1.8383561643835618,2.0,7.0,10,2.8,6,0.9213893967093235,0.9213893967093235,2.3,-1.2036480363037985,-0.7071067811865475,-1.1506009968993425,-0.9913443688296637,0.0,0.0,0.0,8.016643112499974,2025-01-31,0.0
990015,25,1,2,0,2,0,1,Project Management,1.9013698630136986,1.1547005383792515,0.7071067811865476,1.1143574700248176,0.5773502691896255,3,0.33424657534246577,1,2,6,3,0.8229229249924334,0.7071067811865476,0.42786581650551603,0.4979147763956443,0.15616438356164383,1.0440316200000002,0.7534246575342466,1.0,0.7534246575342466,0.7534246575342466,2.0,4.0,16,3.0,0,1.0344827586206897,1.0344827586206897,3.55,0.9683640522700837,0.7071067811865477,0.3364861559300855,0.3003987527960122,0.0,0.0,0.0,0.0,2025-01-31,0.0
990016,30,1,1,0,2,1,2,Project Management,1.9013698630136986,0.0350619347983144,0.0,-0.22495592411226975,0.5773502691896255,6,1.9013698630136986,1,1,4,3,-0.16044312802140534,0.0,-0.4897847075039211,0.7901808263460955,1.9013698630136986,0.9845,0.33424657534246577,1.0,0.33424657534246577,0.33424657534246577,2.0,4.0,16,3.0625,0,1.0,1.0,4.15,0.7525003096657723,0.0,-1.1745323000823837,0.815368043303462,2.0,0.0,0.0,585.5181984900419,2025-01-31,0.0
990018,24,1,2,0,0,0,0,Marketing,0.9260273972602739,0.0,0.0,-0.2116549002193718,0.0,1,0.9260273972602739,1,1,5,1,0.0,0.0,-0.6529091252271956,0.0,0.9260273972602739,1.0094,0.9260273972602739,0.0,0.9260273972602739,0.9260273972602739,2.0,1.0,7,2.7142857142857144,0,1.0,1.0,4.0,0.0,0.0,0.30890103160760773,0.0,0.0,0.0,0.0,0.0,2025-01-31,0.0
990019,24,1,2,0,0,0,0,Business Development,0.9260273972602739,0.0,0.0,-0.2116549002193718,-0.957360585378428,1,0.9260273972602739,2,1,5,3,0.0,0.0,0.31688587607765817,0.054499999999999986,0.0821917808219178,1.0422678,0.9260273972602739,0.0,0.9260273972602739,0.9260273972602739,2.0,1.0,16,3.0,0,1.0,1.0,3.25,0.0,0.0,-0.6178020632152155,-0.017092144290167,8.0,0.0,0.0,8.016643112499974,2025-01-31,0.0
990020,31,1,2,0,0,0,1,Project Management,0.6219178082191781,-0.5773502691896257,-0.7071067811865476,-0.6417896790244177,-1.154700538379252,3,0.33424657534246577,1,2,6,3,0.29003578955928905,-0.7071067811865476,0.1274342372580363,0.0,0.6219178082191781,1.0054,0.6219178082191781,0.0,0.6219178082191781,0.6219178082191781,1.0,1.0,10,2.8,6,0.9655172413793103,0.9655172413793103,1.9,-1.0288868055369642,-0.7071067811865474,-1.416783814442464,-1.1157667960994735,1.0,0.0,11.0,585.5181984900419,2025-01-31,0.0
990021,25,1,2,0,0,0,1,Operations,0.6219178082191781,-0.5773502691896257,0.0,-0.6417896790244177,0.0,3,0.33424657534246577,2,1,6,3,-1.1129587145517204,0.0,-0.6635472417806652,0.0,0.6219178082191781,1.0041,0.6219178082191781,0.0,0.6219178082191781,0.6219178082191781,1.0,1.0,8,3.125,9,1.0,1.0,2.8,0.06052275326688003,0.0,-0.4604547396938007,-0.4789131426105761,0.0,6.0,0.0,18.37432484557708,2025-01-31,0.0
990022,26,1,2,0,0,0,0,Operations,0.6219178082191781,-0.750886395640703,0.0,-0.6600078377069717,0.0,6,0.6219178082191781,1,2,5,3,-0.793916556113954,-0.7071067811865475,-0.6565259434863605,0.0,0.6219178082191781,1.0085,0.6219178082191781,0.0,0.6219178082191781,0.6219178082191781,2.0,1.0,12,3.6666666666666665,5,1.1210191082802548,1.1210191082802548,4.5,1.1225824291735285,0.7071067811865478,0.9267030948228232,1.1493915422653813,0.0,0.0,0.0,2203.1728256522056,2025-01-31,0.0
990023,24,1,2,0,0,0,0,Operations,0.6219178082191781,-0.750886395640703,0.0,-0.6600078377069717,0.0,6,0.6219178082191781,1,2,5,3,-0.7924426068195792,0.7071067811865475,-0.632815690454061,0.0,0.6219178082191781,1.0144,0.6219178082191781,0.0,0.6219178082191781,0.6219178082191781,2.0,1.0,8,2.875,9,0.8789808917197452,0.8789808917197452,2.6,-0.8864347910114354,-0.7071067811865475,-1.4209447453949955,-0.6704783996548062,2.0,7.0,0.0,2203.1728256522056,2025-01-31,0.0
990025,28,1,2,0,0,1,1,Data Consultant,0.6219178082191781,-1.6693163811281757,0.0,-0.6417896790244177,0.0,6,0.6219178082191781,2,1,6,1,-1.0100244096305098,0.0,1.5129544447650174,0.0,0.6219178082191781,0.9863,0.6219178082191781,0.0,0.6219178082191781,0.6219178082191781,2.0,1.0,18,3.0555555555555554,0,1.0,1.0,4.7,1.7137840077621833,0.0,1.5584621958867113,0.0,1.0,0.0,0.0,7.751067756118272,2025-01-31,0.0
990026,30,1,2,0,0,0,1,Human Resources,0.6219178082191781,-0.750886395640703,0.0,-0.6417896790244177,0.0,6,0.6219178082191781,2,1,6,1,-0.644148318490622,0.0,-1.4388195222385185,0.0,0.6219178082191781,1.005,0.6219178082191781,0.0,0.6219178082191781,0.6219178082191781,0.0,1.0,8,3.125,0,1.0,1.0,2.9,-0.5692215457190729,0.0,-0.3541959536106158,0.0,2.0,8.0,0.0,2203.1728256522056,2025-01-31,0.0
990027,35,1,1,0,1,0,2,Software Development,0.5013698630136987,-0.7071067811865475,0.0,-1.322354274674273,-0.7071067811865475,2,0.5013698630136987,1,1,4,2,0.7071067811865475,0.0,1.4956914296146744,0.0,0.5013698630136987,9.815,0.5013698630136987,0.0,0.5013698630136987,0.5013698630136987,0.0,1.0,7,3.2857142857142856,0,1.0,1.0,4.7,0.7071067811865475,0.0,1.2015330426130155,0.7071067811865475,0.0,0.0,0.0,2203.1728256522056,2025-01-31,0.0
990001,38,2,2,0,0,1,7,Business Development,4.786301369863014,1.0177186048805547,0.0,0.0,1.0377827271079039,5,4.786301369863014,1,1,2,3,1.2217676643699122,0.0,-0.7071067811865482,2.211391278552358,4.786301369863014,1.0149,0.07397260273972603,2.0,0.07397260273972603,0.07397260273972603,3.0,7.0,18,3.2777777777777777,0,1.0,1.0,4.25,-1.2064334914125423,0.0,0.7071067811865476,1.0084365131198294,0.0,0.0,0.0,0.0,2025-02-28,0.0
990002,38,2,1,0,4,0,7,Data Scientist,4.786301369863014,1.760109126875387,0.0,0.0,1.3072081662306216,6,4.786301369863014,1,1,2,4,1.6659749088020563,0.0,0.7071067811865468,1.7061926605504587,4.786301369863014,1.0051,0.663013698630137,2.0,0.663013698630137,0.663013698630137,2.0,8.0,19,3.1052631578947367,0,1.0,1.0,4.18,0.7842216341950079,0.0,-0.7071067811865476,-1.3835503021122422,1.0,0.0,0.0,8.016643112499974,2025-02-28,0.0
990003,32,2,2,0,1,1,3,Data Scientist,4.010958904109589,0.5133151632322236,0.0,0.707106781186547,0.25249708699108936,5,4.010958904109589,1,1,2,4,-0.1434284813229497,0.0,0.7071067811865476,1.4632425498322477,4.010958904109589,0.9985,1.1616438356164382,2.0,1.1616438356164382,1.1616438356164382,3.0,8.0,20,3.05,0,1.0,1.0,4.366666666666666,-0.5056007578118988,0.0,-0.7071067811865475,0.2649351642342526,4.0,0.0,0.0,585.5181984900419,2025-02-28,0.0
990005,30,1,2,0,1,0,3,Data Engineer,3.3068493150684932,0.05525267382013463,0.0,-0.7071067811865479,0.7071067811865475,5,3.3068493150684932,1,1,2,2,-0.17945006382835832,0.0,-0.7071067811865476,0.8761463215814143,3.3068493150684932,0.982,0.07397260273972603,2.0,0.07397260273972603,0.07397260273972603,2.0,8.0,14,2.857142857142857,0,1.0,1.0,4.4875,0.2202617162744858,0.0,0.7071067811865475,0.7071067811865547,0.0,0.0,6.0,0.0,2025-02-28,0.0
990006,31,1,2,0,0,0,4,Data Scientist,3.3068493150684932,0.05525267382013463,0.0,0.7071067811865475,-0.7053147411522321,5,3.3068493150684932,1,1,2,4,0.5631039318992974,0.0,0.7071067811865476,2.9232443125618204,3.3068493150684932,0.9916,0.9123287671232877,2.0,0.9123287671232877,0.9123287671232877,2.0,5.0,20,2.95,0,1.0,1.0,4.45,-0.0050059480971482535,0.0,0.7071067811865475,1.0008661759960864,0.0,0.0,7.0,8.016643112499974,2025-02-28,0.0
990009,26,1,2,0,2,0,2,Data Scientist,3.197260273972603,0.0,0.0,0.9762122852729078,-0.8543905120694806,1,1.1616438356164382,1,1,3,4,0.0,0.0,-0.6215997940497517,0.21944334109999997,0.8301369863013699,0.489387001650252,0.9123287671232877,1.0,0.9123287671232877,0.9123287671232877,3.0,8.0,16,2.75,2,1.0,1.0,4.3500000000000005,0.0,0.0,-0.17960530202677114,0.11774896188189528,3.0,0.0,0.0,0.0,2025-02-28,0.0
990011,23,1,2,0,0,0,0,Data Engineer,2.328767123287671,0.0,0.0,1.7433254758526857,-0.7071067811865475,1,0.07397260273972603,2,1,5,2,0.0,0.0,1.6253648830899625,0.0,2.328767123287671,0.9852,2.328767123287671,0.0,2.328767123287671,2.328767123287671,2.0,7.0,11,3.090909090909091,0,1.0,1.0,4.4,0.0,0.0,0.8031426821797806,-0.7071067811865404,0.0,0.0,0.0,585.5181984900419,2025-02-28,0.0
990013,32,1,2,0,1,0,1,Software Development,2.2246575342465755,0.7071067811865476,0.0,1.4528012460728512,0.7071067811865476,2,2.2246575342465755,2,1,6,2,-0.7071067811865475,0.0,0.03411226549061502,0.0,2.2246575342465755,0.9934,2.2246575342465755,0.0,2.2246575342465755,2.2246575342465755,1.0,6.0,6,2.5,0,1.0,1.0,3.55,-0.7071067811865475,0.0,0.3364861559300855,-0.7071067811865475,0.0,6.0,0.0,678.8924358516423,2025-02-28,0.0
990014,35,1,1,0,0,1,4,Business Development,2.665753424657534,0.4574881252484072,0.0,-0.7071067811865475,-0.08042214172947572,6,2.665753424657534,1,1,2,3,0.7249757006435041,0.0,-0.7071067811865476,1.3900465304470968,2.665753424657534,0.9845,1.915068493150685,1.0,1.915068493150685,1.915068493150685,2.0,7.0,10,2.8,6,1.0,1.0,2.3,-1.2036480363037985,0.0,-0.7071067811865475,-0.9913443688296637,0.0,0.0,0.0,8.016643112499974,2025-02-28,0.0
990015,25,1,2,0,2,0,1,Project Management,1.978082191780822,1.1547005383792512,0.7071067811865475,1.1143574700248184,0.5773502691896261,3,0.410958904109589,1,2,6,3,0.8229229249924334,0.7071067811865476,0.42786581650551603,0.4979147763956443,0.2328767123287671,1.0440316200000002,0.8301369863013699,1.0,0.8301369863013699,0.8301369863013699,2.0,4.0,16,3.0,0,1.0344827586206897,1.0344827586206897,3.55,0.9683640522700837,0.7071067811865477,0.3364861559300855,0.3003987527960122,0.0,0.0,0.0,0.0,2025-02-28,0.0
990016,30,1,1,0,2,1,2,Project Management,1.978082191780822,0.03506193479831453,0.0,0.04598858731478381,0.5773502691896261,6,1.978082191780822,1,1,3,3,-0.16044312802140534,0.0,-0.531939844548986,0.7901808263460955,1.978082191780822,0.9845,0.410958904109589,1.0,0.410958904109589,0.410958904109589,2.0,4.0,16,3.0625,0,1.0,1.0,4.15,0.7525003096657723,0.0,-0.8980265101338716,0.815368043303462,2.0,0.0,0.0,585.5181984900419,2025-02-28,0.0
990018,24,1,2,0,0,0,0,Marketing,1.0027397260273974,0.0,0.0,-0.21165490021937114,0.0,1,1.0027397260273974,2,1,5,1,0.0,0.0,-0.6529091252271956,0.0,1.0027397260273974,1.0094,1.0027397260273974,0.0,1.0027397260273974,1.0027397260273974,2.0,1.0,7,2.7142857142857144,0,1.0,1.0,4.0,0.0,0.0,0.30890103160760773,0.0,6.0,0.0,0.0,0.0,2025-02-28,0.3333333333333333
990019,24,1,2,0,0,0,0,Business Development,1.0027397260273974,0.0,0.0,-0.21165490021937114,-0.957360585378428,1,1.0027397260273974,2,1,5,3,0.0,0.0,0.31688587607765817,0.054499999999999986,0.1589041095890411,1.0422678,1.0027397260273974,0.0,1.0027397260273974,1.0027397260273974,2.0,1.0,16,3.0,0,1.0,1.0,3.25,0.0,0.0,-0.6178020632152155,-0.017092144290167,5.0,0.0,0.0,8.016643112499974,2025-02-28,0.0
990020,31,1,2,0,0,0,1,Project Management,0.6986301369863014,-0.5773502691896258,-0.7071067811865476,-0.641789679024417,-1.1547005383792512,3,0.410958904109589,1,2,6,3,0.29003578955928905,-0.7071067811865476,0.1274342372580363,0.0,0.6986301369863014,1.0054,0.6986301369863014,0.0,0.6986301369863014,0.6986301369863014,1.0,1.0,10,2.8,6,0.9655172413793103,0.9655172413793103,1.9,-1.0288868055369642,-0.7071067811865474,-1.416783814442464,-1.1157667960994735,3.0,0.0,5.0,585.5181984900419,2025-02-28,0.0
990021,25,1,2,0,0,0,1,Operations,0.6986301369863014,-0.5773502691896258,0.0,-0.641789679024417,0.0,3,0.410958904109589,2,1,6,3,-1.1129587145517204,0.0,-0.6635472417806652,0.0,0.6986301369863014,1.0041,0.6986301369863014,0.0,0.6986301369863014,0.6986301369863014,1.0,1.0,8,3.125,9,1.0,1.0,2.8,0.06052275326688003,0.0,-0.4604547396938007,-0.4789131426105761,0.0,6.0,0.0,18.37432484557708,2025-02-28,0.0
990022,26,1,2,0,0,0,0,Operations,0.6986301369863014,-0.750886395640703,0.0,-0.6600078377069711,0.0,6,0.6986301369863014,1,2,5,3,-0.793916556113954,-0.7071067811865475,-0.6565259434863605,0.0,0.6986301369863014,1.0085,0.6986301369863014,0.0,0.6986301369863014,0.6986301369863014,2.0,1.0,12,3.6666666666666665,5,1.1210191082802548,1.1210191082802548,4.5,1.1225824291735285,0.7071067811865478,0.9267030948228232,1.1493915422653813,0.0,0.0,0.0,2203.1728256522056,2025-02-28,0.0
990023,24,1,2,0,0,0,0,Operations,0.6986301369863014,-0.750886395640703,0.0,-0.6600078377069711,0.0,6,0.6986301369863014,1,2,5,3,-0.7924426068195792,0.7071067811865475,-0.632815690454061,0.0,0.6986301369863014,1.0144,0.6986301369863014,0.0,0.6986301369863014,0.6986301369863014,2.0,1.0,8,2.875,9,0.8789808917197452,0.8789808917197452,2.6,-0.8864347910114354,-0.7071067811865475,-1.4209447453949955,-0.6704783996548062,0.0,7.0,0.0,2203.1728256522056,2025-02-28,0.0
990025,28,1,2,0,0,1,1,Data Consultant,0.6986301369863014,-1.64153911575305,0.0,-0.641789679024417,0.0,5,0.6986301369863014,2,1,6,1,-1.4619930511179013,0.0,1.5129544447650174,0.0,0.6986301369863014,0.9863,0.6986301369863014,0.0,0.6986301369863014,0.6986301369863014,2.0,1.0,18,3.0555555555555554,0,1.0,1.0,4.7,1.496778481047093,0.0,1.5584621958867113,0.0,1.0,0.0,0.0,7.751067756118272,2025-02-28,0.0
990026,30,1,2,0,0,0,1,Human Resources,0.6986301369863014,-0.750886395640703,0.0,-0.641789679024417,0.0,6,0.6986301369863014,2,1,6,1,-0.644148318490622,0.0,-1.4388195222385185,0.0,0.6986301369863014,1.005,0.6986301369863014,0.0,0.6986301369863014,0.6986301369863014,0.0,1.0,8,3.125,0,1.0,1.0,2.9,-0.5692215457190729,0.0,-0.3541959536106158,0.0,0.0,8.0,0.0,2203.1728256522056,2025-02-28,0.0
990027,35,1,1,0,1,0,2,Software Development,0.5780821917808219,-0.7071067811865474,0.0,-1.0222008725876912,-0.7071067811865474,2,0.5780821917808219,1,1,3,2,0.7071067811865475,0.0,1.1535396385987378,0.0,0.5780821917808219,9.815,0.5780821917808219,0.0,0.5780821917808219,0.5780821917808219,0.0,1.0,7,3.2857142857142856,0,1.0,1.0,4.7,0.7071067811865475,0.0,1.0776318121606523,0.7071067811865475,0.0,0.0,0.0,2203.1728256522056,2025-02-28,0.0
990001,38,2,2,0,0,1,7,Business Development,4.8712328767123285,1.0177186048805553,0.0,0.0,1.0377827271079036,5,4.8712328767123285,1,1,2,3,1.2217676643699122,0.0,-0.7071067811865482,2.211391278552358,4.8712328767123285,1.0149,0.1589041095890411,2.0,0.1589041095890411,0.1589041095890411,3.0,7.0,18,3.2777777777777777,0,1.0,1.0,4.25,-1.2064334914125423,0.0,0.7071067811865476,1.0084365131198294,0.0,0.0,0.0,0.0,2025-03-31,0.0
990002,38,2,1,0,4,0,7,Data Scientist,4.8712328767123285,1.7601091268753866,0.0,0.0,1.3072081662306223,6,4.8712328767123285,1,1,2,4,1.6659749088020563,0.0,0.7071067811865468,1.7061926605504587,4.8712328767123285,1.0051,0.7479452054794521,2.0,0.7479452054794521,0.7479452054794521,2.0,8.0,19,3.1052631578947367,0,1.0,1.0,4.18,0.7842216341950079,0.0,-0.7071067811865476,-1.3835503021122422,1.0,0.0,0.0,8.016643112499974,2025-03-31,0.0
990003,32,2,2,0,1,1,3,Data Scientist,4.095890410958904,0.5133151632322243,0.0,0.7071067811865475,0.25249708699108947,5,4.095890410958904,1,1,2,4,-0.1434284813229497,0.0,0.7071067811865476,1.4632425498322477,4.095890410958904,0.9985,1.2465753424657535,2.0,1.2465753424657535,1.2465753424657535,3.0,8.0,20,3.05,0,1.0,1.0,4.366666666666666,-0.5056007578118988,0.0,-0.7071067811865475,0.2649351642342526,4.0,0.0,0.0,585.5181984900419,2025-03-31,0.0
990005,30,1,2,0,1,0,3,Data Engineer,3.3917808219178083,0.0552526738201355,0.0,-0.7071067811865475,0.7071067811865475,5,3.3917808219178083,1,1,2,2,-0.17945006382835832,0.0,-0.7071067811865476,0.8761463215814143,3.3917808219178083,0.982,0.1589041095890411,2.0,0.1589041095890411,0.1589041095890411,2.0,8.0,14,2.857142857142857,0,1.0,1.0,4.4875,0.2202617162744858,0.0,0.7071067811865475,0.7071067811865547,0.0,0.0,6.0,0.0,2025-03-31,0.0
990006,31,1,2,0,0,0,4,Data Scientist,3.3917808219178083,0.0552526738201355,0.0,0.7071067811865475,-0.7053147411522319,5,3.3917808219178083,1,1,2,4,0.5631039318992974,0.0,0.7071067811865476,2.9232443125618204,3.3917808219178083,0.9916,0.9972602739726028,2.0,0.9972602739726028,0.9972602739726028,2.0,5.0,20,2.95,0,1.0,1.0,4.45,-0.0050059480971482535,0.0,0.7071067811865475,1.0008661759960864,0.0,0.0,7.0,8.016643112499974,2025-03-31,0.0
990009,26,1,2,0,2,0,2,Data Scientist,3.282191780821918,0.0,0.0,0.9762122852729077,-0.8543905120694804,1,1.2465753424657535,1,1,3,4,0.0,0.0,-0.6215997940497517,0.21944334109999997,0.915068493150685,0.489387001650252,0.9972602739726028,1.0,0.9972602739726028,0.9972602739726028,3.0,8.0,16,2.75,2,1.0,1.0,4.3500000000000005,0.0,0.0,-0.17960530202677114,0.11774896188189528,0.0,0.0,0.0,0.0,2025-03-31,0.0
990011,23,1,2,0,0,0,0,Data Engineer,2.4136986301369863,0.0,0.0,1.7433254758526853,-0.7071067811865475,1,0.1589041095890411,2,1,5,2,0.0,0.0,1.6253648830899625,0.0,2.4136986301369863,0.9852,2.4136986301369863,0.0,2.4136986301369863,2.4136986301369863,2.0,7.0,11,3.090909090909091,0,1.0,1.0,4.4,0.0,0.0,0.8031426821797806,-0.7071067811865404,0.0,0.0,0.0,585.5181984900419,2025-03-31,0.0
990013,32,1,2,0,1,0,1,Software Development,2.3095890410958906,0.7071067811865475,0.0,1.4528012460728508,0.7071067811865475,2,2.3095890410958906,2,1,6,2,-0.7071067811865475,0.0,0.03411226549061502,0.0,2.3095890410958906,0.9934,2.3095890410958906,0.0,2.3095890410958906,2.3095890410958906,1.0,6.0,6,2.5,0,1.0,1.0,3.55,-0.7071067811865475,0.0,0.3364861559300855,-0.7071067811865475,0.0,6.0,0.0,678.8924358516423,2025-03-31,0.0
990014,35,1,1,0,0,1,4,Business Development,2.750684931506849,0.4574881252484071,0.0,-0.7071067811865475,-0.08042214172947573,6,2.750684931506849,1,1,2,3,0.7249757006435041,0.0,-0.7071067811865476,1.3900465304470968,2.750684931506849,0.9845,2.0,1.0,2.0,2.0,2.0,7.0,10,2.8,6,1.0,1.0,2.3,-1.2036480363037985,0.0,-0.7071067811865475,-0.9913443688296637,0.0,3.0,0.0,8.016643112499974,2025-03-31,0.0
990015,25,1,2,0,2,0,1,Project Management,2.063013698630137,1.1547005383792512,0.7071067811865475,1.1143574700248182,0.5773502691896257,3,0.4958904109589041,1,2,6,3,0.8229229249924334,0.7071067811865476,0.42786581650551603,0.4979147763956443,0.3178082191780822,1.0440316200000002,0.915068493150685,1.0,0.915068493150685,0.915068493150685,2.0,4.0,16,3.0,0,1.0344827586206897,1.0344827586206897,3.55,0.9683640522700837,0.7071067811865477,0.3364861559300855,0.3003987527960122,0.0,0.0,0.0,0.0,2025-03-31,0.0
990016,30,1,1,0,2,1,2,Project Management,2.063013698630137,0.0350619347983144,0.0,0.04598858731478364,0.5773502691896257,6,2.063013698630137,1,1,3,3,-0.16044312802140534,0.0,-0.531939844548986,0.7901808263460955,2.063013698630137,0.9845,0.4958904109589041,1.0,0.4958904109589041,0.4958904109589041,2.0,4.0,16,3.0625,0,1.0,1.0,4.15,0.7525003096657723,0.0,-0.8980265101338716,0.815368043303462,2.0,0.0,0.0,585.5181984900419,2025-03-31,0.0
990018,24,1,2,0,0,0,0,Marketing,1.0876712328767124,0.0,0.0,-0.21165490021937142,0.0,1,1.0876712328767124,2,1,5,1,0.0,0.0,-0.6529091252271956,0.0,1.0876712328767124,1.0094,1.0876712328767124,0.0,1.0876712328767124,1.0876712328767124,2.0,1.0,7,2.7142857142857144,0,1.0,1.0,4.0,0.0,0.0,0.30890103160760773,0.0,10.0,0.0,0.0,0.0,2025-03-31,0.6666666666666666
990019,24,1,2,0,0,0,0,Business Development,1.0876712328767124,0.0,0.0,-0.21165490021937142,-0.9573605853784282,1,1.0876712328767124,2,1,5,3,0.0,0.0,0.31688587607765817,0.054499999999999986,0.24383561643835616,1.0422678,1.0876712328767124,0.0,1.0876712328767124,1.0876712328767124,2.0,1.0,16,3.0,0,1.0,1.0,3.25,0.0,0.0,-0.6178020632152155,-0.017092144290167,0.0,0.0,0.0,8.016643112499974,2025-03-31,0.0
990020,31,1,2,0,0,0,1,Project Management,0.7835616438356164,-0.5773502691896258,-0.7071067811865476,-0.6417896790244172,-1.1547005383792517,3,0.4958904109589041,1,2,6,3,0.29003578955928905,-0.7071067811865476,0.1274342372580363,0.0,0.7835616438356164,1.0054,0.7835616438356164,0.0,0.7835616438356164,0.7835616438356164,1.0,1.0,10,2.8,6,0.9655172413793103,0.9655172413793103,1.9,-1.0288868055369642,-0.7071067811865474,-1.416783814442464,-1.1157667960994735,2.0,0.0,5.0,585.5181984900419,2025-03-31,0.0
990021,25,1,2,0,0,0,1,Operations,0.7835616438356164,-0.5773502691896258,0.0,-0.6417896790244172,0.0,3,0.4958904109589041,2,1,6,3,-1.1129587145517204,0.0,-0.6635472417806652,0.0,0.7835616438356164,1.0041,0.7835616438356164,0.0,0.7835616438356164,0.7835616438356164,1.0,1.0,8,3.125,9,1.0,1.0,2.8,0.06052275326688003,0.0,-0.4604547396938007,-0.4789131426105761,0.0,0.0,0.0,18.37432484557708,2025-03-31,0.0
990022,26,1,2,0,0,0,0,Operations,0.7835616438356164,-0.750886395640703,0.0,-0.6600078377069714,0.0,6,0.7835616438356164,1,2,5,3,-0.793916556113954,-0.7071067811865475,-0.6565259434863605,0.0,0.7835616438356164,1.0085,0.7835616438356164,0.0,0.7835616438356164,0.7835616438356164,2.0,1.0,12,3.6666666666666665,5,1.1210191082802548,1.1210191082802548,4.5,1.1225824291735285,0.7071067811865478,0.9267030948228232,1.1493915422653813,0.0,0.0,0.0,2203.1728256522056,2025-03-31,0.0
990023,24,1,2,0,0,0,0,Operations,0.7835616438356164,-0.750886395640703,0.0,-0.6600078377069714,0.0,6,0.7835616438356164,1,2,5,3,-0.7924426068195792,0.7071067811865475,-0.632815690454061,0.0,0.7835616438356164,1.0144,0.7835616438356164,0.0,0.7835616438356164,0.7835616438356164,2.0,1.0,8,2.875,9,0.8789808917197452,0.8789808917197452,2.6,-0.8864347910114354,-0.7071067811865475,-1.4209447453949955,-0.6704783996548062,6.0,7.0,0.0,2203.1728256522056,2025-03-31,0.0
990025,28,1,2,0,0,1,1,Data Consultant,0.7835616438356164,-1.6415391157530494,0.0,-0.6417896790244172,0.0,5,0.7835616438356164,2,1,6,1,-1.4619930511179013,0.0,1.5129544447650174,0.0,0.7835616438356164,0.9863,0.7835616438356164,0.0,0.7835616438356164,0.7835616438356164,2.0,1.0,18,3.0555555555555554,0,1.0,1.0,4.7,1.496778481047093,0.0,1.5584621958867113,0.0,1.0,0.0,0.0,7.751067756118272,2025-03-31,0.0
990026,30,1,2,0,0,0,1,Human Resources,0.7835616438356164,-0.750886395640703,0.0,-0.6417896790244172,0.0,6,0.7835616438356164,2,1,6,1,-0.644148318490622,0.0,-1.4388195222385185,0.0,0.7835616438356164,1.005,0.7835616438356164,0.0,0.7835616438356164,0.7835616438356164,0.0,1.0,8,3.125,0,1.0,1.0,2.9,-0.5692215457190729,0.0,-0.3541959536106158,0.0,0.0,0.0,0.0,2203.1728256522056,2025-03-31,0.0
990027,35,1,1,0,1,0,2,Software Development,0.663013698630137,-0.7071067811865476,0.0,-1.0222008725876912,-0.7071067811865476,2,0.663013698630137,1,1,3,2,0.7071067811865475,0.0,1.1535396385987378,0.0,0.663013698630137,9.815,0.663013698630137,0.0,0.663013698630137,0.663013698630137,0.0,1.0,7,3.2857142857142856,0,1.0,1.0,4.7,0.7071067811865475,0.0,1.0776318121606523,0.7071067811865475,0.0,0.0,0.0,2203.1728256522056,2025-03-31,0.0
990001,38,2,2,0,0,1,7,Business Development,4.953424657534247,1.0177186048805549,0.0,0.0,1.0377827271079039,5,4.953424657534247,1,1,2,3,1.2217676643699122,0.0,-0.7071067811865482,2.211391278552358,4.953424657534247,1.0149,0.2410958904109589,2.0,0.2410958904109589,0.2410958904109589,3.0,8.0,18,3.2777777777777777,0,1.0,1.0,4.25,-1.2064334914125423,0.0,0.7071067811865476,1.0084365131198294,0.0,0.0,0.0,0.0,2025-04-30,0.0
990002,38,2,1,0,4,0,7,Data Scientist,4.953424657534247,1.7601091268753875,0.0,0.0,1.3072081662306216,6,4.953424657534247,1,1,2,4,1.6659749088020563,0.0,0.7071067811865468,1.7061926605504587,4.953424657534247,1.0051,0.8301369863013699,2.0,0.8301369863013699,0.8301369863013699,2.0,9.0,19,3.1052631578947367,0,1.0,1.0,4.18,0.7842216341950079,0.0,-0.7071067811865476,-1.3835503021122422,1.0,0.0,0.0,8.016643112499974,2025-04-30,0.0
990003,32,2,2,0,1,1,3,Data Scientist,4.178082191780822,0.5133151632322238,0.0,0.707106781186547,0.25249708699108936,5,4.178082191780822,1,1,2,4,-0.1434284813229497,0.0,0.7071067811865476,1.4632425498322477,4.178082191780822,0.9985,1.3287671232876712,2.0,1.3287671232876712,1.3287671232876712,3.0,9.0,20,3.05,0,1.0,1.0,4.366666666666666,-0.5056007578118988,0.0,-0.7071067811865475,0.2649351642342526,4.0,0.0,0.0,585.5181984900419,2025-04-30,0.0
990005,30,1,2,0,1,0,3,Data Engineer,3.473972602739726,0.055252673820134914,0.0,-0.7071067811865479,0.7071067811865475,5,3.473972602739726,1,1,2,2,-0.17945006382835832,0.0,-0.7071067811865476,0.8761463215814143,3.473972602739726,0.982,0.2410958904109589,2.0,0.2410958904109589,0.2410958904109589,2.0,8.0,14,2.857142857142857,0,1.0,1.0,4.4875,0.2202617162744858,0.0,0.7071067811865475,0.7071067811865547,0.0,0.0,6.0,0.0,2025-04-30,0.0
990006,31,1,2,0,0,0,4,Data Scientist,3.473972602739726,0.055252673820134914,0.0,0.707106781186547,-0.7053147411522321,5,3.473972602739726,1,1,2,4,0.5631039318992974,0.0,0.7071067811865476,2.9232443125618204,3.473972602739726,0.9916,1.0794520547945206,2.0,1.0794520547945206,1.0794520547945206,2.0,5.0,20,2.95,0,1.0,1.0,4.45,-0.0050059480971482535,0.0,0.7071067811865475,1.0008661759960864,0.0,0.0,7.0,8.016643112499974,2025-04-30,0.0
990009,26,1,2,0,2,0,2,Data Scientist,3.3643835616438356,0.0,0.0,0.9762122852729077,-0.8543905120694806,1,1.3287671232876712,1,1,3,4,0.0,0.0,-0.6215997940497517,0.21944334109999997,0.9972602739726028,0.489387001650252,1.0794520547945206,1.0,1.0794520547945206,1.0794520547945206,3.0,9.0,16,2.75,2,1.0,1.0,4.3500000000000005,0.0,0.0,-0.17960530202677114,0.11774896188189528,0.0,0.0,0.0,0.0,2025-04-30,0.0
990011,23,1,2,0,0,0,1,Data Engineer,2.495890410958904,0.0,0.0,1.2500920462452316,-0.7071067811865475,1,0.2410958904109589,2,1,7,2,0.0,0.0,2.019862226680166,1.0267965895249695,2.495890410958904,0.9984,0.07945205479452055,1.0,0.07945205479452055,0.07945205479452055,2.0,8.0,11,3.090909090909091,0,1.0,1.0,4.4,0.0,0.0,1.0355607461569962,-0.7071067811865404,0.0,0.0,0.0,585.5181984900419,2025-04-30,0.0
990013,32,1,2,0,1,0,1,Software Development,2.3917808219178083,0.7071067811865475,0.0,1.119485414547969,0.7071067811865475,2,2.3917808219178083,2,1,7,2,-0.7071067811865475,0.0,-0.3196546819159409,0.0,2.3917808219178083,0.9934,2.3917808219178083,0.0,2.3917808219178083,2.3917808219178083,1.0,6.0,6,2.5,0,1.0,1.0,3.55,-0.7071067811865475,0.0,0.15533411192354965,-0.7071067811865475,10.0,6.0,0.0,678.8924358516423,2025-04-30,0.0
990014,35,1,1,0,0,1,4,Business Development,2.8328767123287673,0.4574881252484077,0.0,-0.707106781186548,-0.08042214172947548,6,2.8328767123287673,1,1,2,3,0.7249757006435041,0.0,-0.7071067811865476,1.3900465304470968,2.8328767123287673,0.9845,2.0821917808219177,1.0,2.0821917808219177,2.0821917808219177,2.0,7.0,10,2.8,6,1.0,1.0,2.3,-1.2036480363037985,0.0,-0.7071067811865475,-0.9913443688296637,0.0,3.0,0.0,8.016643112499974,2025-04-30,0.0
990015,25,1,2,0,2,0,1,Project Management,2.1452054794520548,1.1547005383792515,0.7071067811865476,0.8101539184228722,0.5773502691896262,3,0.5780821917808219,1,2,7,3,0.8229229249924334,0.7071067811865476,-0.12355255109743035,0.4979147763956443,0.4,1.0440316200000002,0.9972602739726028,1.0,0.9972602739726028,0.9972602739726028,2.0,4.0,16,3.0,0,1.0344827586206897,1.0344827586206897,3.55,0.9683640522700837,0.7071067811865477,0.15533411192354965,0.3003987527960122,0.0,0.0,0.0,0.0,2025-04-30,0.0
990016,30,1,1,0,2,1,2,Project Management,2.1452054794520548,0.035061934798314674,0.0,0.04598858731478364,0.5773502691896262,6,2.1452054794520548,1,1,3,3,-0.16044312802140534,0.0,-0.531939844548986,0.7901808263460955,2.1452054794520548,0.9845,0.5780821917808219,1.0,0.5780821917808219,0.5780821917808219,2.0,4.0,16,3.0625,0,1.0,1.0,4.15,0.7525003096657723,0.0,-0.8980265101338716,0.815368043303462,0.0,0.0,0.0,585.5181984900419,2025-04-30,0.0
990019,24,1,2,0,0,0,0,Business Development,1.16986301369863,0.0,0.0,1.1547005383792512,-0.957360585378428,1,1.16986301369863,2,1,3,3,0.0,0.0,1.154437345146206,0.054499999999999986,0.32602739726027397,1.0422678,1.16986301369863,0.0,1.16986301369863,1.16986301369863,2.0,1.0,16,3.0,0,1.0,1.0,3.25,0.0,0.0,-0.2071121492313988,-0.017092144290167,0.0,0.0,0.0,8.016643112499974,2025-04-30,0.0
990020,31,1,2,0,0,0,1,Project Management,0.8657534246575342,-0.5773502691896257,-0.7071067811865476,-0.7949328448040179,-1.1547005383792515,3,0.5780821917808219,2,2,7,3,0.29003578955928905,-0.7071067811865476,-0.2731772915061116,0.0,0.8657534246575342,1.0054,0.8657534246575342,0.0,0.8657534246575342,0.8657534246575342,1.0,2.0,10,2.8,6,0.9655172413793103,0.9655172413793103,1.9,-1.0288868055369642,-0.7071067811865474,-1.5533411192354925,-1.1157667960994735,6.0,0.0,5.0,585.5181984900419,2025-04-30,0.0
990021,25,1,2,0,0,0,1,Operations,0.8657534246575342,-0.5773502691896257,0.0,-0.7949328448040179,0.0,3,0.5780821917808219,1,1,7,3,-1.1129587145517204,0.0,-0.6671119063880896,0.0,0.8657534246575342,1.0041,0.8657534246575342,0.0,0.8657534246575342,0.8657534246575342,1.0,2.0,8,3.125,9,1.0,1.0,2.8,0.06052275326688003,0.0,-0.6213364476941968,-0.4789131426105761,0.0,0.0,0.0,18.37432484557708,2025-04-30,0.0
990022,26,1,2,0,0,0,0,Operations,0.8657534246575342,-0.7508863956407028,0.0,-0.577350269189626,0.0,6,0.8657534246575342,2,2,3,3,-0.793916556113954,-0.7071067811865475,-0.5985684289847018,0.0,0.8657534246575342,1.0085,0.8657534246575342,0.0,0.8657534246575342,0.8657534246575342,2.0,2.0,12,3.6666666666666665,5,1.1210191082802548,1.1210191082802548,4.5,1.1225824291735285,0.7071067811865478,1.0873387834648456,1.1493915422653813,0.0,0.0,0.0,2203.1728256522056,2025-04-30,0.0
990023,24,1,2,0,0,0,0,Operations,0.8657534246575342,-0.7508863956407028,0.0,-0.577350269189626,0.0,6,0.8657534246575342,1,2,3,3,-0.7924426068195792,0.7071067811865475,-0.5558689161615042,0.0,0.8657534246575342,1.0144,0.8657534246575342,0.0,0.8657534246575342,0.8657534246575342,2.0,2.0,8,2.875,9,0.8789808917197452,0.8789808917197452,2.6,-0.8864347910114354,-0.7071067811865475,-0.8802266342334458,-0.6704783996548062,6.0,7.0,0.0,2203.1728256522056,2025-04-30,0.3333333333333333
990025,28,1,2,0,0,1,1,Data Consultant,0.8657534246575342,-1.6415391157530497,0.0,-0.7949328448040179,0.0,5,0.8657534246575342,1,1,7,1,-1.4619930511179013,0.0,0.4168570314451539,0.0,0.8657534246575342,0.9863,0.8657534246575342,0.0,0.8657534246575342,0.8657534246575342,2.0,1.0,18,3.0555555555555554,0,1.0,1.0,4.7,1.496778481047093,0.0,1.3462289700040946,0.0,0.0,0.0,0.0,7.751067756118272,2025-04-30,0.0
990026,30,1,2,0,0,0,1,Human Resources,0.8657534246575342,-0.7508863956407028,0.0,-0.7949328448040179,0.0,6,0.8657534246575342,2,1,7,1,-0.644148318490622,0.0,-1.053222827217747,0.0,0.8657534246575342,1.005,0.8657534246575342,0.0,0.8657534246575342,0.8657534246575342,0.0,1.0,8,3.125,0,1.0,1.0,2.9,-0.5692215457190729,0.0,-0.5177803730784971,0.0,0.0,0.0,0.0,2203.1728256522056,2025-04-30,0.3333333333333333
990027,35,1,1,0,1,0,2,Software Development,0.7452054794520548,-0.7071067811865475,0.0,-1.0222008725876912,-0.7071067811865475,2,0.7452054794520548,2,1,3,2,0.7071067811865475,0.0,1.1535396385987378,0.0,0.7452054794520548,9.815,0.7452054794520548,0.0,0.7452054794520548,0.7452054794520548,0.0,1.0,7,3.2857142857142856,0,1.0,1.0,4.7,0.7071067811865475,0.0,1.0776318121606523,0.7071067811865475,0.0,0.0,0.0,2203.1728256522056,2025-04-30,0.0
990001,38,2,2,0,0,1,7,Business Development,5.038356164383561,1.0177186048805553,0.0,0.0,1.0377827271079036,5,5.038356164383561,1,1,2,3,1.2217676643699122,0.0,-0.7071067811865482,2.211391278552358,5.038356164383561,1.0149,0.32602739726027397,2.0,0.32602739726027397,0.32602739726027397,3.0,8.0,18,3.2777777777777777,0,1.0,1.0,4.25,-1.2064334914125423,0.0,0.7071067811865476,1.0084365131198294,0.0,0.0,0.0,0.0,2025-05-31,0.0
990002,38,2,1,0,4,0,7,Data Scientist,5.038356164383561,1.7601091268753866,0.0,0.0,1.3072081662306234,6,5.038356164383561,1,1,2,4,1.6659749088020563,0.0,0.7071067811865468,1.7061926605504587,5.038356164383561,1.0051,0.915068493150685,2.0,0.915068493150685,0.915068493150685,2.0,9.0,19,3.1052631578947367,0,1.0,1.0,4.18,0.7842216341950079,0.0,-0.7071067811865476,-1.3835503021122422,1.0,0.0,0.0,8.016643112499974,2025-05-31,0.0
990003,32,2,2,0,1,1,3,Data Scientist,4.263013698630137,0.5133151632322243,0.0,0.7071067811865475,0.25249708699109064,5,4.263013698630137,1,1,2,4,-0.1434284813229497,0.0,0.7071067811865476,1.4632425498322477,4.263013698630137,0.9985,1.4136986301369863,2.0,1.4136986301369863,1.4136986301369863,3.0,9.0,20,3.05,0,1.0,1.0,4.366666666666666,-0.5056007578118988,0.0,-0.7071067811865475,0.2649351642342526,0.0,0.0,0.0,585.5181984900419,2025-05-31,0.0
990005,30,1,2,0,1,0,3,Data Engineer,3.558904109589041,0.0552526738201355,0.0,-0.7071067811865475,0.7071067811865475,5,3.558904109589041,1,1,2,2,-0.17945006382835832,0.0,-0.7071067811865476,0.8761463215814143,3.558904109589041,0.982,0.32602739726027397,2.0,0.32602739726027397,0.32602739726027397,2.0,8.0,14,2.857142857142857,0,1.0,1.0,4.4875,0.2202617162744858,0.0,0.7071067811865475,0.7071067811865547,0.0,0.0,6.0,0.0,2025-05-31,0.0
990006,31,1,2,0,0,0,4,Data Scientist,3.558904109589041,0.0552526738201355,0.0,0.707106781186548,-0.7053147411522307,5,3.558904109589041,1,1,2,4,0.5631039318992974,0.0,0.7071067811865476,2.9232443125618204,3.558904109589041,0.9916,1.1643835616438356,2.0,1.1643835616438356,1.1643835616438356,2.0,5.0,20,2.95,0,1.0,1.0,4.45,-0.0050059480971482535,0.0,0.7071067811865475,1.0008661759960864,0.0,0.0,7.0,8.016643112499974,2025-05-31,0.0
990009,26,1,2,0,2,0,2,Data Scientist,3.4493150684931506,0.0,0.0,0.9762122852729077,-0.8543905120694791,1,1.4136986301369863,1,1,3,4,0.0,0.0,-0.6215997940497517,0.21944334109999997,1.082191780821918,0.489387001650252,1.1643835616438356,1.0,1.1643835616438356,1.1643835616438356,3.0,9.0,16,2.75,2,1.0,1.0,4.3500000000000005,0.0,0.0,-0.17960530202677114,0.11774896188189528,0.0,0.0,0.0,0.0,2025-05-31,0.0
990011,23,1,2,0,0,0,1,Data Engineer,2.580821917808219,0.0,0.0,1.400602079987228,-0.7071067811865475,1,0.32602739726027397,2,1,9,2,0.0,0.0,2.368719267924473,1.0267965895249695,2.580821917808219,0.9984,0.1643835616438356,1.0,0.1643835616438356,0.1643835616438356,2.0,8.0,11,3.090909090909091,0,1.0,1.0,4.4,0.0,0.0,0.9929581358334028,-0.7071067811865404,0.0,0.0,0.0,585.5181984900419,2025-05-31,0.0
990013,32,1,2,0,1,0,1,Software Development,2.4767123287671233,0.7071067811865475,0.0,1.279579868932243,0.7071067811865475,2,2.4767123287671233,2,1,9,2,-0.7071067811865475,0.0,-0.18489539716427758,0.0,2.4767123287671233,0.9934,2.4767123287671233,0.0,2.4767123287671233,2.4767123287671233,1.0,6.0,6,2.5,0,1.0,1.0,3.55,-0.7071067811865475,0.0,0.38768883391104964,-0.7071067811865475,10.0,6.0,8.0,678.8924358516423,2025-05-31,0.0
990014,35,1,1,0,0,1,4,Business Development,2.9178082191780823,0.4574881252484074,0.0,-0.707106781186547,-0.0804221417294755,6,2.9178082191780823,1,1,2,3,0.7249757006435041,0.0,-0.7071067811865476,1.3900465304470968,2.9178082191780823,0.9845,2.1671232876712327,1.0,2.1671232876712327,2.1671232876712327,2.0,7.0,10,2.8,6,1.0,1.0,2.3,-1.2036480363037985,0.0,-0.7071067811865475,-0.9913443688296637,0.0,3.0,0.0,8.016643112499974,2025-05-31,0.0
990015,25,1,2,0,2,0,1,Project Management,2.23013698630137,1.154700538379252,0.7071067811865476,0.9929483164335934,0.5773502691896257,3,0.663013698630137,1,2,9,3,0.8229229249924334,0.7071067811865476,0.02915275750958701,0.4979147763956443,0.4849315068493151,1.0440316200000002,1.082191780821918,1.0,1.082191780821918,1.082191780821918,2.0,4.0,16,3.0,0,1.0344827586206897,1.0344827586206897,3.55,0.9683640522700837,0.7071067811865477,0.38768883391104964,0.3003987527960122,1.0,0.0,0.0,0.0,2025-05-31,0.0
990016,30,1,1,0,2,1,2,Project Management,2.23013698630137,0.0350619347983144,0.0,0.04598858731478364,0.5773502691896257,6,2.23013698630137,1,1,3,3,-0.16044312802140534,0.0,-0.531939844548986,0.7901808263460955,2.23013698630137,0.9845,0.663013698630137,1.0,0.663013698630137,0.663013698630137,2.0,4.0,16,3.0625,0,1.0,1.0,4.15,0.7525003096657723,0.0,-0.8980265101338716,0.815368043303462,0.0,0.0,0.0,585.5181984900419,2025-05-31,0.0
990019,24,1,2,0,0,0,1,Business Development,1.2547945205479452,0.7071067811865475,0.0,-0.1408387134499537,-0.9573605853784282,2,1.2547945205479452,2,1,9,3,0.7071067811865476,0.0,-0.5280040757594087,0.5382436260623229,0.410958904109589,1.0136,0.0821917808219178,1.0,0.0821917808219178,0.0821917808219178,2.0,1.0,16,3.0,0,1.0,1.0,3.25,0.7071067811865476,0.0,0.17406437440904293,-0.017092144290167,3.0,0.0,0.0,8.016643112499974,2025-05-31,0.0
990020,31,1,2,0,0,0,1,Project Management,0.9506849315068493,-0.5773502691896255,-0.7071067811865476,-0.4943509615316214,-1.1547005383792515,3,0.663013698630137,2,2,9,3,0.29003578955928905,-0.7071067811865476,-0.13416469061990138,0.0,0.9506849315068493,1.0054,0.9506849315068493,0.0,0.9506849315068493,0.9506849315068493,1.0,2.0,10,2.8,6,0.9655172413793103,0.9655172413793103,1.9,-1.0288868055369642,-0.7071067811865474,-0.7872456933499878,-1.1157667960994735,4.0,0.0,0.0,585.5181984900419,2025-05-31,0.0
990021,25,1,2,0,0,0,1,Operations,0.9506849315068493,-0.5773502691896255,0.0,-0.4943509615316214,0.0,3,0.663013698630137,1,1,9,3,-1.1129587145517204,0.0,-0.5641497041722767,0.0,0.9506849315068493,1.0041,0.9506849315068493,0.0,0.9506849315068493,0.9506849315068493,1.0,2.0,8,3.125,9,1.0,1.0,2.8,0.06052275326688003,0.0,-0.14637231484396745,-0.4789131426105761,0.0,0.0,0.0,18.37432484557708,2025-05-31,0.0
990022,26,1,2,0,0,0,0,Operations,0.9506849315068493,-0.750886395640703,0.0,0.0,0.0,6,0.9506849315068493,2,2,2,3,-0.793916556113954,-0.7071067811865475,-0.7071067811865475,0.0,0.9506849315068493,1.0085,0.9506849315068493,0.0,0.9506849315068493,0.9506849315068493,2.0,2.0,12,3.6666666666666665,5,1.1210191082802548,1.1210191082802548,4.5,1.1225824291735285,0.7071067811865478,0.7071067811865478,1.1493915422653813,0.0,0.0,0.0,2203.1728256522056,2025-05-31,0.0
990023,24,1,2,0,0,0,0,Operations,0.9506849315068493,-0.750886395640703,0.0,0.0,0.0,6,0.9506849315068493,1,2,2,3,-0.7924426068195792,0.7071067811865475,0.7071067811865475,0.0,0.9506849315068493,1.0144,0.9506849315068493,0.0,0.9506849315068493,0.9506849315068493,2.0,2.0,8,2.875,9,0.8789808917197452,0.8789808917197452,2.6,-0.8864347910114354,-0.7071067811865475,-0.7071067811865475,-0.6704783996548062,10.0,0.0,0.0,2203.1728256522056,2025-05-31,0.6666666666666666
990025,28,1,2,0,0,1,1,Data Consultant,0.9506849315068493,-1.6415391157530494,0.0,-0.4943509615316214,0.0,5,0.9506849315068493,1,1,9,1,-1.4619930511179013,0.0,0.6190171992089374,0.0,0.9506849315068493,0.9863,0.9506849315068493,0.0,0.9506849315068493,0.9506849315068493,2.0,1.0,18,3.0555555555555554,0,1.0,1.0,4.7,1.496778481047093,0.0,1.2065825953354095,0.0,0.0,0.0,0.0,7.751067756118272,2025-05-31,0.0
990026,30,1,2,0,0,0,1,Human Resources,0.9506849315068493,-0.750886395640703,0.0,-0.4943509615316214,0.0,6,0.9506849315068493,2,1,9,1,-0.644148318490622,0.0,-0.9855950487896827,0.0,0.9506849315068493,1.005,0.9506849315068493,0.0,0.9506849315068493,0.9506849315068493,0.0,1.0,8,3.125,0,1.0,1.0,2.9,-0.5692215457190729,0.0,-0.07516416167663177,0.0,0.0,0.0,0.0,2203.1728256522056,2025-05-31,0.6666666666666666
990027,35,1,1,0,1,0,2,Software Development,0.8301369863013699,-0.7071067811865475,0.0,-1.0222008725876912,-0.7071067811865475,2,0.8301369863013699,2,1,3,2,0.7071067811865475,0.0,1.1535396385987378,0.0,0.8301369863013699,9.815,0.8301369863013699,0.0,0.8301369863013699,0.8301369863013699,0.0,1.0,7,3.2857142857142856,0,1.0,1.0,4.7,0.7071067811865475,0.0,1.0776318121606523,0.7071067811865475,0.0,0.0,0.0,2203.1728256522056,2025-05-31,0.0
990028,32,1,2,0,0,0,1,Marketing,0.038356164383561646,-0.7071067811865476,0.0,-1.5548877057766246,0.0,2,0.038356164383561646,1,1,9,1,-0.7071067811865476,0.0,-0.6200803081374515,0.0,0.038356164383561646,0.9894,0.038356164383561646,0.0,0.038356164383561646,0.038356164383561646,0.0,0.0,7,3.2857142857142856,0,1.0,1.0,0.0,-0.7071067811865476,0.0,-2.1402006035293644,0.0,0.0,0.0,0.0,17.406439212570774,2025-05-31,0.0
990001,38,2,2,0,0,1,7,Business Development,5.120547945205479,1.0177186048805547,0.0,0.0,1.0377827271079032,5,5.120547945205479,1,1,2,3,1.2217676643699122,0.0,-0.7071067811865482,2.211391278552358,5.120547945205479,1.0149,0.40821917808219177,2.0,0.40821917808219177,0.40821917808219177,3.0,8.0,18,3.2777777777777777,0,1.0,1.0,4.218181818181818,-1.568452581332268,0.0,0.7071067811866166,1.0391698263347382,0.0,0.0,0.0,0.0,2025-06-30,0.0
990002,38,2,1,0,4,0,7,Data Scientist,5.120547945205479,1.3185283810424249,0.0,0.0,1.3072081662306216,4,5.120547945205479,1,1,2,4,1.216253507909247,0.0,0.7071067811865468,1.7061926605504587,5.120547945205479,1.0051,0.9972602739726028,2.0,0.9972602739726028,0.9972602739726028,2.0,9.0,19,3.1052631578947367,0,1.0,1.0,4.209090909090909,0.3538437479476199,0.0,-0.7071067811864784,-1.2518706890659992,1.0,0.0,0.0,8.016643112499974,2025-06-30,0.0
990003,32,2,2,0,1,1,3,Data Scientist,4.345205479452055,0.5133151632322236,0.0,0.707106781186547,0.25249708699108936,5,4.345205479452055,1,1,2,4,-0.1434284813229497,0.0,0.7071067811865476,1.4632425498322477,4.345205479452055,0.9985,1.4958904109589042,2.0,1.4958904109589042,1.4958904109589042,3.0,9.0,20,3.05,0,1.0,1.0,4.319999999999999,-0.39525563714785866,0.0,-0.7071067811865531,0.16227953376781515,1.0,0.0,0.0,585.5181984900419,2025-06-30,0.0
990005,30,1,2,0,1,0,3,Data Engineer,3.6410958904109587,0.055252673820134636,0.0,-0.7071067811865479,0.7071067811865478,5,3.6410958904109587,1,1,2,2,-0.17945006382835832,0.0,-0.7071067811865476,0.8761463215814143,3.6410958904109587,0.982,0.40821917808219177,2.0,0.40821917808219177,0.40821917808219177,2.0,8.0,14,2.857142857142857,0,1.0,1.0,4.433333333333334,0.9106242947717049,0.0,0.707106781186542,0.7071067811865475,0.0,0.0,6.0,0.0,2025-06-30,0.0
990006,31,1,2,0,0,0,4,Data Scientist,3.6410958904109587,0.055252673820134636,0.0,0.707106781186547,-0.7053147411522321,5,3.6410958904109587,1,1,2,4,0.5631039318992974,0.0,0.7071067811865476,2.9232443125618204,3.6410958904109587,0.9916,1.2465753424657535,2.0,1.2465753424657535,1.2465753424657535,2.0,5.0,20,2.95,0,1.0,1.0,4.4,0.5265419618541904,0.0,0.7071067811865477,1.1823223174512392,0.0,0.0,0.0,8.016643112499974,2025-06-30,0.0
990009,26,1,2,0,2,0,2,Data Scientist,3.5315068493150683,0.0,0.0,0.9762122852729077,-0.8543905120694806,1,1.4958904109589042,1,1,3,4,0.0,0.0,-0.6292716741832816,0.21944334109999997,1.1643835616438356,0.489387001650252,1.2465753424657535,1.0,1.2465753424657535,1.2465753424657535,3.0,9.0,16,2.75,2,1.0,1.0,4.3,0.0,0.0,0.5773502691896173,-0.09273116215303237,0.0,0.0,0.0,0.0,2025-06-30,0.0
990011,23,1,2,0,0,0,1,Data Engineer,2.663013698630137,0.0,0.0,1.2744306149447118,-0.7071067811865472,1,0.40821917808219177,2,1,8,2,0.0,0.0,2.2605577744848198,1.0267965895249695,2.663013698630137,0.9984,0.2465753424657534,1.0,0.2465753424657534,0.2465753424657534,2.0,8.0,11,3.090909090909091,0,1.0,1.0,4.42,0.0,0.0,1.3212867766942316,-0.7071067811865475,0.0,0.0,0.0,585.5181984900419,2025-06-30,0.0
990013,32,1,2,0,1,0,1,Software Development,2.558904109589041,0.7071067811865477,0.0,1.1592278474920823,0.7071067811865477,2,2.558904109589041,2,1,8,2,-0.7071067811865475,0.0,-0.31015803973354644,0.0,2.558904109589041,0.9934,2.558904109589041,0.0,2.558904109589041,2.558904109589041,1.0,6.0,6,2.5,0,1.0,1.0,3.72,-0.7071067811865469,0.0,0.3874366358249389,-0.7071067811865469,10.0,6.0,8.0,678.8924358516423,2025-06-30,0.0
990014,35,1,1,0,0,1,4,Business Development,3.0,0.07812611191226777,0.0,-0.707106781186548,-0.08042214172947595,4,3.0,1,1,2,3,0.32894549974988796,0.0,-0.7071067811865476,1.3900465304470968,3.0,0.9845,2.249315068493151,1.0,2.249315068493151,2.249315068493151,2.0,7.0,10,2.8,6,1.0,1.0,2.35,-1.4769227657851633,0.0,-0.7071067811865474,-0.955583254937808,0.0,3.0,0.0,8.016643112499974,2025-06-30,0.0
990015,25,1,2,0,2,0,1,Project Management,2.3123287671232875,1.1547005383792515,0.7071067811865474,0.8863791877358549,0.5773502691896255,3,0.7452054794520548,1,2,8,3,0.8229229249924334,0.7071067811865476,-0.09467643879073603,0.4979147763956443,0.5671232876712329,1.0440316200000002,1.1643835616438356,1.0,1.1643835616438356,1.1643835616438356,2.0,4.0,16,3.0,0,1.0344827586206897,1.0344827586206897,3.38,1.1230111744127025,0.7071067811865475,-0.06614771831157519,0.05988403258131755,1.0,0.0,0.0,0.0,2025-06-30,0.0
990016,30,1,1,0,2,1,2,Project Management,2.3123287671232875,-0.32412320275397194,0.0,0.04598858731478364,0.5773502691896255,4,2.3123287671232875,1,1,3,3,-0.441916667824007,0.0,-0.5238227904225183,0.9274876957268412,0.03287671232876712,1.06001115,0.7452054794520548,1.0,0.7452054794520548,0.7452054794520548,2.0,4.0,16,3.0625,0,1.0,1.0,4.24,0.38428191981408216,0.0,-1.1547005383792601,0.968712291756601,4.0,6.0,0.0,585.5181984900419,2025-06-30,0.0
990019,24,1,2,0,0,0,1,Business Development,1.336986301369863,0.7071067811865476,0.0,-0.19288884418877708,-0.9573605853784284,2,1.336986301369863,2,1,8,3,0.7071067811865476,0.0,-0.6555644622915933,0.5382436260623229,0.4931506849315068,1.0136,0.1643835616438356,1.0,0.1643835616438356,0.1643835616438356,2.0,1.0,16,3.0,0,1.0,1.0,3.1666666666666665,-0.7071067811865476,0.0,-0.35074966600507407,-0.0835865713969302,3.0,0.0,0.0,8.016643112499974,2025-06-30,0.0
990020,31,1,2,0,0,0,1,Project Management,1.0328767123287672,-0.5773502691896258,-0.7071067811865477,-0.5294021912214574,-1.1547005383792517,3,0.7452054794520548,2,2,8,3,0.29003578955928905,-0.7071067811865476,-0.2590875977584779,0.0,1.0328767123287672,1.0054,1.0328767123287672,0.0,1.0328767123287672,1.0328767123287672,1.0,2.0,10,2.8,6,0.9655172413793103,0.9655172413793103,2.3499999999999996,-0.7941736482034567,-0.7071067811865475,-1.4402414970192494,-1.0285963243379173,4.0,8.0,0.0,585.5181984900419,2025-06-30,0.0
990021,25,1,2,0,0,0,1,Operations,1.0328767123287672,-0.5773502691896258,0.0,-0.5294021912214574,0.0,3,0.7452054794520548,1,1,8,2,-1.1129587145517204,0.0,-0.6919521521988296,0.0,1.0328767123287672,1.0041,1.0328767123287672,0.0,1.0328767123287672,1.0328767123287672,1.0,2.0,8,3.125,9,1.0,1.0,2.5999999999999996,-0.3288375262092434,0.0,-1.1067235895659306,-0.7071067811865475,2.0,0.0,0.0,18.37432484557708,2025-06-30,0.0
990022,26,1,2,0,0,0,0,Operations,1.0328767123287672,-1.0725312902007202,0.0,0.0,0.0,4,1.0328767123287672,2,1,1,2,-1.1032823398351277,0.0,0.0,0.0,1.0328767123287672,1.0085,1.0328767123287672,0.0,1.0328767123287672,1.0328767123287672,2.0,2.0,12,3.6666666666666665,5,1.0,1.0,4.6,0.7387970980234616,0.0,0.0,0.7071067811865475,0.0,0.0,0.0,2203.1728256522056,2025-06-30,0.0
990025,28,1,2,0,0,1,1,Data Consultant,1.0328767123287672,-1.64153911575305,0.0,-0.5294021912214574,0.0,5,1.0328767123287672,1,1,8,1,-1.4619930511179013,0.0,0.49913823076470615,0.0,1.0328767123287672,0.9863,1.0328767123287672,0.0,1.0328767123287672,1.0328767123287672,2.0,1.0,18,3.0555555555555554,0,1.0,1.0,4.4,0.5265419618541904,0.0,1.2946053440979666,0.0,0.0,0.0,0.0,7.751067756118272,2025-06-30,0.0
990027,35,1,1,0,1,0,2,Software Development,0.9123287671232877,-0.7071067811865476,0.0,-1.0222008725876912,-0.7071067811865476,2,0.9123287671232877,1,1,3,2,0.7071067811865475,0.0,1.1530944646058001,0.0,0.9123287671232877,9.815,0.9123287671232877,0.0,0.9123287671232877,0.9123287671232877,0.0,1.0,7,3.2857142857142856,0,1.0,1.0,4.3,0.707106781186548,0.0,0.5773502691896173,0.707106781186548,0.0,0.0,0.0,2203.1728256522056,2025-06-30,0.0
990028,32,1,2,0,0,0,1,Marketing,0.12054794520547946,-0.7071067811865475,0.0,-1.5389422323194983,0.0,2,0.12054794520547946,2,1,8,1,-0.7071067811865476,0.0,-0.7482573144763426,0.0,0.12054794520547946,0.9894,0.12054794520547946,0.0,0.12054794520547946,0.12054794520547946,0.0,0.0,7,3.2857142857142856,0,1.0,1.0,3.4,0.7071067811865476,0.0,-0.03946628571530965,0.0,0.0,0.0,0.0,17.406439212570774,2025-06-30,0.0
990001,38,2,2,0,0,1,7,Business Development,5.205479452054795,1.017718604880555,0.0,0.0,1.0377827271079039,5,5.205479452054795,1,1,2,3,1.2324336037069443,0.0,-0.7071067811865482,2.211391278552358,5.205479452054795,1.0149,0.4931506849315068,2.0,0.4931506849315068,0.4931506849315068,3.0,8.0,18,3.2777777777777777,0,1.0,1.0,4.218181818181818,-1.568452581332268,0.0,0.7071067811866166,1.0391698263347382,0.0,0.0,0.0,0.0,2025-07-31,0.0
990002,38,2,1,0,4,0,7,Data Scientist,5.205479452054795,1.3185283810424249,0.0,0.0,1.3072081662306225,4,5.205479452054795,1,1,2,4,1.261115759854101,0.0,0.7071067811865468,1.7061926605504587,5.205479452054795,1.0051,1.082191780821918,2.0,1.082191780821918,1.082191780821918,2.0,9.0,19,3.1052631578947367,0,1.0,1.0,4.209090909090909,0.3538437479476199,0.0,-0.7071067811864784,-1.2518706890659992,0.0,7.0,0.0,8.016643112499974,2025-07-31,0.0
990003,32,2,2,0,1,1,3,Data Scientist,4.4301369863013695,0.5133151632322236,0.0,0.7071067811865475,0.25249708699108925,5,4.4301369863013695,1,1,2,4,-0.15441812673334832,0.0,0.7071067811865476,1.4632425498322477,4.4301369863013695,0.9985,1.5808219178082192,2.0,1.5808219178082192,1.5808219178082192,3.0,9.0,20,3.05,0,1.0,1.0,4.319999999999999,-0.39525563714785866,0.0,-0.7071067811865531,0.16227953376781515,8.0,0.0,0.0,585.5181984900419,2025-07-31,0.0
990005,30,1,2,0,1,0,3,Data Engineer,3.7260273972602738,0.055252673820134914,0.0,-0.7071067811865475,0.7071067811865472,5,3.7260273972602738,1,1,2,2,-0.19101110583634004,0.0,-0.7071067811865476,0.8761463215814143,3.7260273972602738,0.982,0.4931506849315068,2.0,0.4931506849315068,0.4931506849315068,2.0,8.0,14,2.857142857142857,0,1.0,1.0,4.433333333333334,0.9106242947717049,0.0,0.707106781186542,0.7071067811865475,0.0,0.0,6.0,0.0,2025-07-31,0.0
990006,31,1,2,0,0,0,4,Data Scientist,3.7260273972602738,0.055252673820134914,0.0,0.707106781186548,-0.7053147411522314,5,3.7260273972602738,1,1,2,4,0.5633217401574527,0.0,0.7071067811865476,2.9232443125618204,3.7260273972602738,0.9916,1.3315068493150686,2.0,1.3315068493150686,1.3315068493150686,2.0,5.0,20,2.95,0,1.0,1.0,4.4,0.5265419618541904,0.0,0.7071067811865477,1.1823223174512392,0.0,0.0,0.0,8.016643112499974,2025-07-31,0.0
990009,26,1,2,0,2,0,2,Data Scientist,3.6164383561643834,0.0,0.0,0.9762122852729077,-0.8543905120694797,1,1.5808219178082192,1,1,3,4,0.0,0.0,-0.6292716741832816,0.21944334109999997,1.2493150684931507,0.489387001650252,1.3315068493150686,1.0,1.3315068493150686,1.3315068493150686,3.0,9.0,16,2.75,2,1.0,1.0,4.3,0.0,0.0,0.5773502691896173,-0.09273116215303237,0.0,0.0,0.0,0.0,2025-07-31,0.0
990011,23,1,2,0,0,0,1,Data Engineer,2.747945205479452,0.0,0.0,1.4006020799872285,-0.7071067811865478,1,0.4931506849315068,2,1,9,2,0.0,0.0,2.3560053051452527,1.0267965895249695,2.747945205479452,0.9984,0.3315068493150685,1.0,0.3315068493150685,0.3315068493150685,2.0,8.0,11,3.090909090909091,0,1.0,1.0,4.42,0.0,0.0,1.0722416657081366,-0.7071067811865475,0.0,0.0,0.0,585.5181984900419,2025-07-31,0.0
990013,32,1,2,0,1,0,1,Software Development,2.643835616438356,0.7071067811865477,0.0,1.279579868932243,0.7071067811865477,2,2.643835616438356,2,1,9,2,-0.7071067811865475,0.0,-0.314017785350181,0.0,2.643835616438356,0.9934,2.643835616438356,0.0,2.643835616438356,2.643835616438356,1.0,6.0,6,2.5,0,1.0,1.0,3.72,-0.7071067811865469,0.0,0.19986252313888206,-0.7071067811865469,0.0,6.0,8.0,678.8924358516423,2025-07-31,0.0
990014,35,1,1,0,0,1,4,Business Development,3.084931506849315,0.07812611191226776,0.0,-0.707106781186547,-0.08042214172947547,4,3.084931506849315,1,1,2,3,0.2955847333650504,0.0,-0.7071067811865476,1.3900465304470968,3.084931506849315,0.9845,2.334246575342466,1.0,2.334246575342466,2.334246575342466,2.0,7.0,10,2.8,6,1.0,1.0,2.35,-1.4769227657851633,0.0,-0.7071067811865474,-0.955583254937808,0.0,3.0,5.0,8.016643112499974,2025-07-31,0.0
990015,25,1,2,0,2,0,1,Project Management,2.3972602739726026,1.1547005383792515,1.1547005383792515,0.9929483164335934,0.8660254037844387,3,0.8301369863013699,1,3,9,4,0.8229229249924334,1.113289282283813,-0.0902120862090799,0.4979147763956443,0.6520547945205479,1.0440316200000002,1.2493150684931507,1.0,1.2493150684931507,1.2493150684931507,2.0,4.0,16,3.0,0,0.9507042253521127,1.0,3.38,1.1230111744127025,-0.05622950846253092,-0.22386448896618494,-0.2619211391376461,1.0,0.0,0.0,0.0,2025-07-31,0.0
990016,30,1,1,0,2,1,2,Project Management,2.3972602739726026,-0.3241232027539719,0.0,0.04598858731478364,0.8660254037844387,4,2.3972602739726026,1,1,3,4,-0.5432348570082665,0.0,-0.5238227904225183,0.9274876957268412,0.1178082191780822,1.06001115,0.8301369863013699,1.0,0.8301369863013699,0.8301369863013699,2.0,4.0,16,3.0625,0,1.0,1.0,4.24,0.38428191981408216,0.0,-1.1547005383792601,0.5961824024180719,4.0,6.0,0.0,585.5181984900419,2025-07-31,0.0
990019,24,1,2,0,0,0,1,Business Development,1.4219178082191781,0.7071067811865476,0.0,-0.14083871344995344,-0.9573605853784278,2,1.4219178082191781,2,1,9,3,0.7071067811865476,0.0,-0.6727673284675397,0.5382436260623229,0.5780821917808219,1.0136,0.2493150684931507,1.0,0.2493150684931507,0.2493150684931507,2.0,1.0,16,3.0,0,1.0,1.0,3.1666666666666665,-0.7071067811865476,0.0,-0.48973241813014834,-0.0835865713969302,3.0,0.0,0.0,8.016643112499974,2025-07-31,0.0
990020,31,1,2,0,0,0,1,Project Management,1.1178082191780823,-0.5773502691896258,-0.5773502691896258,-0.49435096153162117,-0.8660254037844385,3,0.8301369863013699,2,3,9,4,0.29003578955928905,-0.29123885660812077,-0.26097448178428273,0.0,1.1178082191780823,1.0054,1.1178082191780823,0.0,1.1178082191780823,1.1178082191780823,1.0,2.0,10,2.8,6,0.8873239436619718,0.9333333333333332,2.3499999999999996,-0.7941736482034567,-0.9706988829321176,-1.5075080844609459,-1.2896497993729825,4.0,8.0,0.0,585.5181984900419,2025-07-31,0.0
990021,25,1,2,0,0,0,1,Operations,1.1178082191780823,-0.5773502691896258,0.0,-0.49435096153162117,0.0,3,0.8301369863013699,1,1,9,1,-1.1129587145517204,0.0,-0.7105606822582423,0.0,1.1178082191780823,1.0041,1.1178082191780823,0.0,1.1178082191780823,1.1178082191780823,1.0,2.0,8,3.125,9,1.0,1.0,2.5999999999999996,-0.3288375262092434,0.0,-1.1959441049719264,0.0,10.0,0.0,0.0,18.37432484557708,2025-07-31,0.0
990022,26,1,2,0,0,0,1,Project Management,1.1178082191780823,-1.0725312902007202,-0.5773502691896258,-0.49435096153162117,-0.8660254037844385,4,1.1178082191780823,2,3,9,4,-1.0134656362108847,-0.8220504256756922,-0.3255105011227923,0.9648983639067923,1.1178082191780823,0.9908,0.0821917808219178,1.0,0.0821917808219178,0.0821917808219178,2.0,2.0,12,3.6666666666666665,10,1.1619718309859155,1.222222222222222,4.6,0.7387970980234616,1.0269283913946488,1.2965677309402304,0.9553885360925577,0.0,0.0,0.0,2203.1728256522056,2025-07-31,0.0
990025,28,1,2,0,0,1,1,Data Consultant,1.1178082191780823,-1.6415391157530497,0.0,-0.49435096153162117,0.0,5,1.1178082191780823,1,1,9,1,-1.4503261112947097,0.0,0.7870784844865073,0.04980000000000005,0.0821917808219178,1.03541774,1.1178082191780823,0.0,1.1178082191780823,1.1178082191780823,2.0,1.0,18,3.0555555555555554,0,1.0,1.0,4.4,0.5265419618541904,0.0,1.0473165473490156,0.0,3.0,0.0,0.0,7.751067756118272,2025-07-31,0.0
990027,35,1,1,0,1,0,2,Software Development,0.9972602739726028,-0.7071067811865476,0.0,-1.0222008725876912,-0.7071067811865476,2,0.9972602739726028,1,1,3,2,0.7071067811865475,0.0,1.1530944646058001,0.0,0.9972602739726028,9.815,0.9972602739726028,0.0,0.9972602739726028,0.9972602739726028,0.0,1.0,7,3.2857142857142856,0,1.0,1.0,4.3,0.707106781186548,0.0,0.5773502691896173,0.707106781186548,0.0,0.0,0.0,2203.1728256522056,2025-07-31,0.0
990028,32,1,2,0,0,0,1,Marketing,0.2054794520547945,-0.7071067811865475,0.0,-1.5548877057766246,0.0,2,0.2054794520547945,2,1,9,1,-0.7071067811865476,0.0,-0.7690409244396452,0.0,0.2054794520547945,0.9894,0.2054794520547945,0.0,0.2054794520547945,0.2054794520547945,0.0,0.0,7,3.2857142857142856,0,1.0,1.0,3.4,0.7071067811865476,0.0,-0.19893937060706335,0.0,0.0,0.0,0.0,17.406439212570774,2025-07-31,0.0
